3125 4959
607 418 665 486 DE
690 418 908 491 OSTENTIS.
1235 419 1308 490 353

217 584 302 674 λήσει
316 583 432 668 κακοῖς.
478 587 625 673 ίκλείψεις
636 616 668 656 τε
682 594 856 676 σεληνιακαλ
872 589 988 656 {burrus
994 637 1004 670 ,
1031 587 1076 656 ὅτι
1090 585 1218 676 σελήνης
1230 587 1310 668 οἶκος

217 690 234 756 ὅ
257 694 407 779 καρκίνος.
457 694 566 757 πλείων
592 695 626 759 δὲ
644 693 734 780 ὕβρις
753 697 869 780 γυναιξί
888 692 1056 779 γενήσεται,
1080 697 1131 758 καὶ
1145 693 1310 782 διαφερόν-

217 819 278 871 τως
295 804 363 872 ταῖς
376 793 617 880 ἕταιριζομίναις,
643 796 689 862 ὅτι
702 803 785 881 θῆλυ
799 795 906 888 ζῴδιον
921 793 938 860 d
954 798 1108 884 καρκίνος,
1132 799 1183 867 καὶ
1195 797 1310 886 Ἀφρο-

218 899 319 983 δίτης,
345 895 390 962 ὅτι
408 897 518 962 ταύτὸν
527 898 691 987 Ἀφροδίτη
704 897 825 987 σελήνῃ.

191 1013 210 1068 6
313 997 461 1077 Ἥλιος
485 1002 637 1069 λέοντι.
662 1003 715 1067 ἐὰν
727 1000 822 1080 σάλος
833 1001 971 1088 γίνηται,
997 997 1053 1065 onix
1066 997 1183 1085 ἀγαθὸν
1194 1000 1240 1064 ε’πὶ
1252 1000 1310 1082 μὲν

215 1108 272 1186 τῆς
288 1100 391 1180 Ἀσίας
407 1105 533 1190 Φοινίκῃ
547 1100 630 1191 πάσῃ
647 1106 851 1197 καλὈρχηνίρ
858 1154 868 1185 ,
890 1106 938 1170 ἐπὶ
955 1103 988 1168 δι’
1002 1108 1055 1187 τῆς
1067 1098 1215 1186 Εὐρώπης
1231 1103 1310 1174 Ἰτα-

215 1210 280 1281 λοῖς
290 1231 321 1270 τε
337 1207 389 1270 καλ
405 1209 539 1282 Σικελοῖς
553 1209 605 1271 καὶ
618 1210 651 1270 Γ
647 1207 751 1286 ἀλλοις
756 1257 767 1288 ,
788 1207 831 1273 ἴτι
845 1233 878 1294 γε
892 1207 954 1291 μήν
970 1207 1019 1270 καὶ
1033 1202 1143 1291 Λιβύῃ
1160 1201 1242 1291 πάσῃ
1256 1205 1310 1270 οὐκ

216 1304 351 1391 ἀγαθόν·
376 1308 416 1373 τὰ
432 1309 491 1394 μάρ
503 1308 687 1394 βοσκήματα
699 1317 778 1400 λιμῷ
794 1309 999 1399 φθαρήσεται,
1021 1309 1171 1394 ἕπομβρία
1186 1296 1313 1373 rubras
1380 1385 1383 1391 Α

216 1412 268 1474 καὶ
291 1404 424 1497 ἀκρίδων
447 1412 535 1497 ripn·
585 1409 602 1478 d
622 1416 657 1479 di
673 1410 831 1498 λεγόμενος
845 1419 979 1500 βροῦχος
994 1421 1057 1488 τοῖς
1070 1421 1198 1500 καρποῖς
1213 1415 1313 1492 λυμα-

176 1526 210 1581 10
218 1507 340 1591 νεῖται)
356 1496 475 1599 φθοραδ
499 1513 533 1576 δὲ
552 1509 670 1577 λ’σονται
693 1516 830 1601 ἀνδρῶν,
857 1513 898 1590 ὥς
919 1511 1019 1577 πάντα
1036 1513 1314 1596 ίμγδςμονιοθῇναι

215 1613 255 1680 ui
271 1615 450 1680 συνοικίσια.
500 1614 530 1678 oi
546 1616 580 1679 δὲ
594 1617 710 1692 λέοντες
724 1618 756 1681 ἓν
772 1611 818 1693 οἷς
829 1618 959 1700 γίνονται
967 1616 1093 1702 χωρίοις
1104 1616 1314 1702 φονικιοτίροις

216 1716 287 1781 κατ’
311 1716 432 1802 ἀνδρῶν
454 1711 639 1802 ὁρμήσουσι·
664 1727 729 1794 τοῖς
750 1719 784 1784 δι’
806 1719 837 1782 ἓν
856 1713 902 1796 οἷς
918 1717 954 1783 ori
970 1715 1120 1804 πεφύκασι
1137 1719 1312 1806 φαίνεσθαι,

216 1818 346 1906 πυρετὸς
360 1817 437 1896 pp„
447 1821 637 1885 ίπιπεσεῖται.
676 1820 705 1885 οἳ
723 1821 757 1885 δι’
769 1819 891 1907 ἀρρενες
904 1825 1006 1885 πλεῖον
1018 1817 1218 1903 αι’σθήσονται
1232 1817 1313 1902 βλά-

215 1929 293 2004 βης,
320 1923 371 1986 καὶ
392 1920 527 2004 μάλιστα
544 1924 573 1988 oi
588 1922 666 2011 πρὸς
681 1923 841 2008 ἀνίσχοντα
859 1923 961 2008 ήλιον,
988 1919 1034 1989 ὅτι
1051 1921 1143 2011 ἀρρεν
1158 1924 1208 1988 καὶ
1225 1918 1314 2006 ήλια-

178 2035 210 2091 15
217 2024 270 2090 κδν
282 2021 390 2112 ζῴδιον
404 2021 421 2089 ὃ
437 2026 521 2090 λε’ων.

312 2124 459 2204 Ἥλιος
482 2127 694 2216 παρθένῳ.
729 2124 816 2214 ἡλίου
841 2129 889 2194 ἐπὶ
914 2125 969 2214 τήν
993 2124 1147 2213 παρθένον
1168 2122 1265 2204 ι’όντος
1289 2128 1315 2191 εἰ

217 2225 311 2304 σάλος
339 2230 476 2314 γίνηται,
504 2226 615 2307 ‘Esuba
641 2230 748 2314 Ἀχαία
778 2227 887 2319 Κρήτη
912 2229 1066 2312 Βαβυλὼν
1089 2229 1314 2311 Μεσοποταμία

212 2329 359 2416 Ἀοσυρία
378 2355 410 2394 τε
432 2334 482 2394 καὶ
503 2331 664 2406 Κυκλάδες
685 2340 772 2415 ιήσοι
786 2334 823 2400 οὔ
837 2337 974 2420 μετρίαις
992 2339 1219 2420 περιπεσοῦνται
1235 2358 1315 2416 συμ-

219 2442 345 2520 ροραΐς·
362 2431 508 2515 χάσματα
523 2431 582 2516 γὰρ
599 2432 669 2496 κατ’
688 2434 785 2512 αάτάς
799 2434 955 2520 γενήσεται
960 2483 971 2514 ,
997 2437 1029 2500 o‘c'
1042 2462 1074 2501 τε
1087 2445 1182 2520 γονεῖς
1193 2432 1315 2524 θρηνή·

177 2548 326 2602 ἳθσονται
347 2535 420 2612 τοὺς
438 2532 553 2600 ἑαυτῶν
571 2536 698 2612 παῖδας·
731 2536 787 2619 οὐχ
810 2535 920 2621 ἥκιστα
942 2538 976 2600 δὲ
991 2542 1138 2619 χειμῶνες
1160 2539 1245 2621 ’ξηροὶ
1263 2537 1315 2599 καὶ

219 2638 381 2726 παρθένιον
396 2637 647 2724 ἀνδραποδισμοί.
672 2635 693 2721 ή
708 2639 741 2703 δὲ
755 2640 841 2704 ἐλαία
853 2639 930 2726 πρὸς
940 2648 1004 2716 τοῖς
1017 2637 1120 2715 ἀλλοις
1133 2644 1187 2703 τοῦ
1200 2641 1315 2726 φθινο-

289 2815 304 2867 1
322 2808 421 2881 σελήνη
438 2805 515 2874 οἶκος
529 2810 663 2893 καρκίνον
678 2813 708 2865 S.
777 2815 797 2868 3
812 2810 1183 2882 Ἀφροδίτης-Ἀφροδίτη]
1195 2807 1317 2882 Ἀρητ-

282 2875 363 2948 'Aona
380 2881 411 2934 S.
512 2882 658 2948 λαεληνητ
670 2881 707 2934 R.
770 2917 774 2926 ·
799 2882 816 2934 8
834 2880 1034 2949 φθαρήσονται
1051 2885 1082 2938 S.
1168 2885 1185 2936 9
1203 2877 1218 2936 ὁ
1237 2880 1270 2935 δέ
1286 2897 1317 2950 γε

290 2950 410 3022 βροῦῑος
426 2948 457 3002 S.
560 2950 594 3002 10
609 2945 726 3001 πάντων
739 2943 951 3018 ἐγγυμναθῆναι
964 2951 1021 3004 RS.
1126 2949 1158 3005 13
1173 2947 1265 3015 πυρὰς
1281 2951 1315 3004 C.
1334 3001 1343 3027 r

291 3022 324 3075 14
342 3018 370 3071 ol
384 3016 617 3140 {summme
628 3013 697 3089 ἡλίῳ
710 3018 742 3072 S.
844 3019 878 3073 18
890 3019 1011 3087 parciora
1025 3018 1056 3072 S.
1162 3021 1195 3074 19
1208 3016 1317 3088 danori-

222 3239 401 3304 vexabuntnr3
424 3241 552 3307 eruntque
569 3237 732 3292 defectiones
755 3238 849 3307 lonae,
874 3239 937 3310 quia
952 3238 1029 3292 lunae
1046 3239 1136 3292 domus
1154 3242 1195 3290 est
1209 3253 1314 3290 cancer.

223 3307 305 3360 maior
320 3317 405 3360 asrtem
422 3307 532 3360 offensio
549 3308 652 3362 accidet
667 3308 833 3376 mulieribus,
857 3315 885 3361 et
900 3308 1041 3379 praecipue
1060 3307 1094 3359 iis
1110 3323 1177 3374 quae
1192 3306 1314 3358 meretri-

223 3377 290 3428 cium
305 3376 418 3429 iaciunt:
436 3378 534 3446 quippe
551 3376 689 3430 femineum
705 3377 808 3447 signum
821 3394 917 3431 cancer
930 3385 958 3431 et
969 3375 1067 3430 Veneri
1080 3374 1228 3444 proprium:
1245 3374 1316 3428 idem

224 3446 291 3498 enim
311 3453 353 3497 est
366 3446 456 3496 Venus
474 3445 544 3515 qnod
560 3444 630 3498 luna.

293 3513 354 3570 Sol
378 3512 492 3567 leone.
528 3512 662 3596 quassatio
683 3513 772 3582 silit,
796 3513 952 3581 infaustum,
975 3518 1003 3566 et
1023 3511 1050 3564 iu
1071 3510 1135 3564 Asia
1154 3509 1316 3574 Phoenicius

225 3583 295 3635 omni
311 3591 339 3635 et
355 3581 518 3649 Orcbeuiae,
534 3600 562 3634 sn
579 3583 688 3652 Europa
700 3582 774 3636 Italis
788 3583 883 3635 Siculis
898 3583 996 3648 Gallis,
1012 3580 1114 3648 Libyae
1129 3597 1231 3649 qumque
1245 3578 1317 3631 omni

224 3652 328 3703 minime
344 3653 447 3704 bonum.
482 3668 541 3703 uam
559 3669 655 3721 pecora
671 3651 761 3704 inedia
777 3651 935 3716 interibunt3
952 3653 1073 3718 ingruent
1090 3649 1185 3701 imbres
1200 3658 1228 3701 et
1241 3647 1316 3701 locu-

223 3727 322 3772 starum
346 3721 438 3772 nubes.
471 3721 585 3773 bruchus
609 3720 655 3788 qui
678 3729 788 3772 vocatur
810 3720 929 3788 frugibus
953 3719 1075 3780 ιιοιεοοίαΙ
1096 3717 1182 3770 clades
1200 3717 1317 3770 virorum

225 3797 315 3856 eruut,
339 3805 422 3856 nsque
443 3789 475 3842 ad
499 3789 582 3841 omnis
603 3791 661 3841 iare
682 3788 799 3857 coniugii
824 3789 1016 3842 diiunctionem.
1057 3785 1148 3838 leones
1172 3787 1200 3838 in
1222 3787 1318 3854 quibus

225 3865 367 3910 nascuntur
384 3857 461 3924 iocis,
480 3858 585 3909 saevius
602 3856 719 3911 homiues
734 3859 874 3911 invadent:
897 3856 999 3926 inlocis
1017 3855 1064 3907 ubi
1080 3863 1173 3908 natura
1190 3873 1242 3907 non
1259 3854 1316 3906 exi-

226 3934 311 3996 stunt,
338 3927 421 3979 febris
438 3934 513 3978 acuta
530 3927 709 3994 superveniet.
743 3927 826 3996 magis
842 3934 927 3980 autem
942 3924 1114 3978 calamitatem
1130 3924 1246 3976 sentient
1262 3941 1317 3975 ma-

225 4011 283 4061 res,
309 4002 337 4047 et
355 3995 464 4047 maxime
482 3993 527 4064 qui
545 3997 580 4048 ad
597 3996 725 4049 orientem
741 3996 822 4049 solem
839 4005 923 4049 terras
940 3994 1042 4060 colunt,
1060 3993 1122 4064 quia
1137 3992 1276 4046 masculum
1290 3998 1319 4044 et

226 4063 312 4116 solare
327 4063 427 4133 signum
445 4063 491 4128 leo,
505 4070 554 4116 est.
979 4093 982 4102 ·

295 4133 354 4184 Sol
378 4132 525 4200 virgine.
561 4130 601 4184 sol
621 4135 725 4202 quando
746 4134 780 4186 ad
797 4133 923 4202 virginem
945 4129 1063 4197 accedit,
1087 4128 1110 4181 si
1130 4127 1319 4200 litqunssatio,

226 4200 358 4267 Graecia,
386 4201 499 4269 Achaia,
529 4199 626 4268 creta,
651 4201 786 4270 Babylon,
812 4199 1013 4271 Mesopotamia,
1040 4199 1165 4266 Assyria,
1188 4197 1319 4263 Cyclades

226 4266 327 4323 insulae
341 4270 369 4322 in
385 4288 437 4323 non
454 4269 595 4324 mediocria
608 4270 726 4324 incident
738 4273 815 4325 mala.
850 4285 907 4324 uam
924 4268 997 4322 labes
1015 4277 1103 4322 terrae
1119 4268 1158 4321 ibi
1174 4267 1253 4331 frent,
1271 4279 1318 4333 pa-

227 4346 315 4390 rentes
332 4339 403 4392 luctu
416 4347 607 4408 prosequentur
623 4338 708 4405 filios3
725 4358 773 4393 nec
787 4339 890 4392 minime
906 4337 1004 4391 hiemes
1021 4338 1108 4391 siccae
1125 4345 1218 4402 erunt,
1235 4343 1263 4385 et
1275 4349 1318 4385 re-

227 4405 350 4474 digentur
365 4409 393 4460 iu
410 4409 563 4463 servitutem
587 4407 716 4478 virgines.
751 4417 857 4480 praeter
873 4406 938 4461 alios
956 4407 1057 4460 tructus
1074 4403 1234 4459 autumnales
1250 4400 1322 4453 oliva

271 4490 383 4542 loannes
401 4487 500 4556 Lydus.
1075 4481 1117 4540 23
