3125 4959
256 439 331 512 196
649 431 823 502 loannls
844 429 947 499 urm

252 610 346 699 ἀρετὴ
364 609 487 674 ίπαίνου
502 601 617 683 παντός
622 651 633 686 ,
659 605 727 690 ἐμοὶ
739 603 773 670 δέ
788 605 840 668 καί
854 603 962 692 καιρός
978 601 1027 667 ἐπὶ
1040 600 1093 668 τόν
1108 599 1222 668 σκοπὸν
1237 605 1347 686 διαβῆ-

252 740 303 780 ναι
321 709 469 801 τῷλόγῳ.

356 815 390 883 2·
436 811 485 877 ‘H
502 810 603 876 τοίνυν
627 813 672 896 τῷ
693 805 836 896 ἲππάρχιμ
860 803 1099 893 πειθαρχῆσοσα
1121 800 1206 880 τάξις
1225 802 1298 866 ποτέ
1315 802 1346 866 is

253 917 359 992 ὅπλοις
378 915 435 998 μέν
449 906 487 998 ἦν
504 912 626 992 ἀπασα,
651 911 790 995 όνόματα
808 913 841 975 δέ
856 911 935 996 αὐτῇ
950 908 1030 975 καθ’
1047 905 1164 991 όμαλού
1178 911 1346 992 προμῶται,

248 1018 327 1107 όπερ
347 1017 446 1100 όνομο
462 1019 506 1093 είς·
521 1017 673 1102 τέσσαρας
686 1015 823 1096 τέμνεται
837 1009 1039 1097 καταλόγους,
1061 1015 1104 1097 είς
1121 1007 1371 1094 δουκηναρίους,5

253 1123 297 1199 είς
318 1121 547 1206 κεντουρίωνας,
570 1121 613 1194 είς
629 1114 795 1202 βιάρχους·
820 1117 888 1202 περὶ
902 1105 945 1179 ὧν
959 1113 997 1180 ἀν
1010 1113 1090 1179 κατά
1102 1112 1158 1196 τὴν
1171 1117 1232 1176 τῶν
1243 1135 1347 1175 τακτι-

252 1231 314 1292 κῶν
326 1221 497 1309 παράδοσιν
510 1215 731 1308 ἀφηγησάμην,
751 1221 778 1285 εί
788 1219 833 1302 μὴ
849 1215 956 1304 πόρρω
968 1241 1027 1281 που
1041 1221 1097 1282 τού
1112 1218 1228 1282 σκοπού
1241 1235 1348 1297 παριο-

253 1322 386 1407 θούμην.
436 1325 493 1398 καί,
499 1319 611 1406 ταύτης
620 1328 675 1405 τῆς
687 1323 907 1408 προσηγορίας,
932 1327 989 1405 τῆς
1003 1325 1065 1384 τῶν
1080 1321 1248 1405 προμιοτιῖιν
1260 1315 1348 1398 λέγω,

252 1423 298 1493 έτι
310 1429 360 1491 καὶ
376 1431 430 1491 νῦν
445 1425 477 1491 ui
490 1421 647 1510 λεγόμεναι
659 1422 804 1511 μάτρικες
824 1423 910 1506 (ἀντὶ
923 1427 979 1487 τού
990 1422 1166 1509 ἀπογραφαί
1179 1425 1240 1484 τῶν
1250 1442 1348 1482 κατα-

252 1525 368 1615 λόγων)
385 1526 507 1612 μνήμην
520 1527 732 1614 ἀναφέρουσιν.
758 1525 819 1591 ἀπὸ
832 1525 864 1590 δ’
877 1521 1061 1610 Αὐγούστου
1075 1527 1118 1600 εἰς
1129 1523 1230 1609 έτερον
1243 1525 1346 1604 σχῆμα
1355 1532 1390 1585 10

250 1637 306 1717 τῆς
329 1631 426 1717 ἀρχῆς
450 1628 648 1717 περιστάσης,
679 1625 722 1706 ὥς
744 1625 891 1705 πολλάκις
912 1627 1044 1715 εἴρηται,
1070 1624 1298 1714 προσετέθησαν
1316 1622 1348 1686 οἳ

251 1730 404 1820 λεγόμενοι
432 1729 633 1820 ἀδιούτιορες,
665 1731 755 1797 οἱονεί
782 1731 916 1816 βοηθοί·
949 1733 1002 1797 καὶ
1035 1727 1150 1813 ταύτης
1175 1724 1273 1810 μόνης
1292 1729 1348 1808 τῆς

238 1839 455 1924 ’προσηγορίας
475 1831 714 1920 μνημονεύουσιν
736 1834 769 1899 αἱ
791 1833 876 1921 παρά
895 1839 957 1899 τῶν
977 1832 1129 1917 βασιλέων
1144 1826 1348 1917 παρεχόμεναι

250 1949 316 2016 τοῖς
336 1941 378 2016 είς
396 1939 557 2025 στρατείαν
585 1943 728 2024 παριοῦσι
752 1938 979 2024 προβατωρίαι,
1005 1935 1094 2000 οἱονεὶ
1115 1928 1276 2007 συστάσεις
1295 1929 1347 1993 καὶ

250 2041 433 2120 ἀποδείξεις·
458 2040 530 2106 οὐδὲ
548 2043 608 2127 γάρ
632 2036 739 2117 ἀπλιύς
761 2039 798 2105 τό
821 2042 891 2126 πρὶν
912 2037 1018 2104 ἀδειαν
1041 2033 1149 2120 εἷχενό
1161 2029 1387 2116 βουλόμενοςλὸ

250 2140 346 2228 ζιόνην
368 2143 553 2230 περιθέσθαι
574 2143 710 2220 οἶανοῦν,
728 2141 773 2226 μὴ
797 2140 944 2229 πρότερον
961 2141 1123 2217 ἀποδείξας
1144 2135 1186 2214 ὡς
1208 2136 1254 2219 εἴη
1270 2133 1347 2220 πρδς

250 2245 346 2327 crisim
376 2243 554 2327 ἐπιτήδειος·
591 2251 728 2330 προβάρε
753 2245 812 2327 γὰρ
833 2245 867 2307 τὸ
886 2243 964 2323 μετὰ
986 2245 1115 2323 δοκιμῆς
1138 2240 1282 2314 ἐπιδείξω
1308 2235 1351 2300 τά

249 2341 442 2428 ἀποκείμενον
463 2347 599 2430 λέγουσιν
621 2345 650 2407 οἳ
668 2341 829 2426 Ῥωμαῖοι.
880 2349 935 2408 νύν
957 2344 991 2406 δέ
1011 2343 1047 2407 τδ
1066 2347 1186 2425 πλῆθος
1201 2339 1297 2414 αύτάς
1313 2339 1346 2412 ἓξ

248 2448 393 2530 ἀμαθοῦς
414 2451 575 2530 μαντείας,
598 2447 730 2530 τάληθές
748 2443 1000 2531 παραδηλούσης,
1026 2446 1236 2529 πριβατιοριάς
1249 2445 1344 2515 καλεῖ,

226 2548 230 2558 ’
247 2548 380 2617 αὐτόθεν
396 2549 450 2633 τὴν
466 2547 588 2614 ἰδιώτου
602 2547 696 2632 τύχην
709 2546 904 2630 εἷσαγούσης·
929 2545 1001 2607 ούδέ
1017 2544 1076 2629 γάρ
1095 2543 1218 2607 ἰδιώτου
1236 2539 1386 2628 daupi-2)

248 2677 353 2736 ρουσιν
379 2651 409 2714 oi
431 2649 509 2735 μόνη
528 2651 718 2736 προσηγορίᾳ
731 2637 891 2734 στρατείαν
907 2645 1028 2710 οἱανούν
1044 2641 1261 2731 ἀπερχόμενοι,
1287 2643 1344 2726 os'tyt

245 2751 292 2818 ὅτι
306 2751 344 2816 τὰ
357 2747 522 2839 πράγματα
534 2751 578 2850 μὴ
592 2751 646 2833 τὴν
659 2751 813 2835 κρείττονα
825 2751 876 2815 καί
890 2748 1124 2838 καρπιμιοτέραν
1137 2746 1254 2830 εἰληχεν
1268 2745 1342 2829 όψιν

312 2979 330 3034 5
355 2973 621 3061 τέσσαρα-λόγους
645 2978 686 3066 C3
714 2975 1072 3045 τέσσαρας-καταλόγους
1097 2978 1154 3058 λζ’
1168 2975 1229 3028 coll.
1253 2977 1268 3030 1
1295 2977 1340 3028 st.

313 3049 421 3114 ὃλογο
437 3047 470 3100 0.
608 3047 673 3100 10a
703 3047 781 3114 vulgo
799 3065 850 3100 om.
978 3049 1013 3102 13
1028 3061 1234 3115 παρασχομεεαι
1251 3043 1340 3114 vulgo.

316 3115 349 3170 1⁵
366 3111 460 3169 ἆσσον
473 3116 511 3182 c,
529 3115 666 3168 exstinctis
682 3115 774 3168 medii!
792 3114 885 3170 iiierifls

243 3319 302 3374 dem
319 3316 485 3440 imperpitpris
503 3316 597 3387 quavis
609 3316 686 3372 laude
698 3319 796 3387 maior,
811 3319 916 3392 umque
930 3326 1033 3392 tempus
1050 3327 1093 3375 est
1106 3338 1148 3376 me
1165 3325 1198 3376 ad
1216 3319 1337 3392 proposi-

244 3400 298 3442 tum
332 3406 361 3441 ro
394 3404 447 3441 er.

311 3405 339 3512 i.
362 3405 477 3509 g(licitare
494 3453 588 3524 igitur,
611 3455 653 3508 cui
670 3457 786 3525 praefuit
802 3457 928 3540 magister
945 3458 1075 3529 equiturn,
1092 3469 1193 3512 mmata
1209 3457 1270 3509 olim
1282 3464 1340 3509 tota

244 3523 310 3594 fuit,
334 3524 458 3594 dictaque
476 3525 605 3578 communi
620 3525 724 3578 nomine
742 3536 870 3594 promotr,
893 3529 964 3597 qnod
981 3527 1085 3596 quidem
1103 3545 1198 3580 nornen
1215 3525 1243 3576 in
1260 3533 1336 3593 quat-

244 3603 304 3647 tuor
319 3593 452 3662 catalogos
467 3593 610 3662 dividitur,
628 3594 656 3648 in
674 3594 841 3664 ducenarius,
857 3595 1040 3663 centenarios,
1065 3595 1202 3658 biarchus3
1228 3596 1262 3647 de
1278 3593 1336 3661 qui·

244 3662 293 3714 bus
305 3677 373 3731 qaae
388 3661 479 3716 tactici
495 3663 643 3730 tradidere,
660 3679 834 3732 exponerem,
851 3665 941 3718 sinon
956 3683 972 3717 a
986 3665 1122 3735 proposito
1138 3663 1241 3730 longius
1254 3679 1337 3715 essem

245 3731 421 3811 aberraturus.
457 3738 537 3800 atque
562 3731 638 3785 huisu
661 3729 860 3802 appellationis,
890 3744 1066 3803 promotorum
1081 3733 1167 3795 vdico,
1201 3731 1350 3784 etiamnum.

245 3805 365 3850 matrrcee
383 3816 447 3867 quas
464 3807 576 3869 vocant,
600 3800 628 3853 id
652 3810 695 3854 est
716 3799 892 3869 cataiogorum
911 3803 1028 3869 indices,
1054 3802 1210 3854 mentionem
1230 3799 1338 3854 fuciunt.

244 3865 411 3947 abnupmto
429 3877 541 3937 mutata,
567 3875 596 3922 ut
614 3887 695 3941 saepe
715 3868 841 3937 diximus,
867 3872 1035 3940 magistratus
1051 3872 1151 3935 forma,
1176 3868 1258 3921 additi
1279 3879 1339 3921 sunt

243 3950 292 4005 qur
308 3934 440 3988 adrutores
454 3945 596 4004 vocantur,
616 3938 644 3990 id
663 3946 705 3992 est
720 3937 841 4008 βοηθοί,
859 3948 938 4008 atque
955 3941 1022 3993 hanc
1039 3939 1121 3992 solam
1140 3937 1338 4008 appeliationem

243 4011 444 4058 commemorant
460 4021 527 4072 quae
545 4008 577 4060 ad
597 4007 715 4060 militiam
736 4008 921 4061 accedentibus
939 4012 972 4062 sb
989 4005 1191 4078 imperatoribus
1227 4007 1339 4060 raeben-

241 4081 287 4154 uu
304 4069 487 4153 propatoriae,
505 4073 533 4126 id
548 4083 591 4156 est
608 4075 758 4130 testimonia
776 4083 804 4130 et
819 4077 962 4147 specimina
983 4079 1089 4157 (neque
1107 4076 1176 4127 enim
1193 4025 1252 4128 oiim
1268 4075 1336 4128 nulio

242 4141 393 4208 dsscnmsrse
409 4139 516 4193 cnrhbet
532 4143 660 4210 crngulum
676 4145 856 4216 qualecunque
868 4145 978 4201 induere
994 4146 1083 4210 licant,
1101 4154 1240 4212 antequam
1254 4163 1283 4197 se
1301 4146 1335 4198 ad

239 4208 304 4264 illud
320 4215 409 4276 aptum
428 4225 486 4260 esse
501 4212 673 4280 probasset)=
697 4217 812 4284 probare
833 4215 902 4268 enim
922 4213 1049 4268 Romanis
1067 4220 1107 4264 est
1123 4230 1178 4265 rem
1193 4213 1335 4282 specimine

240 4275 389 4362 ostendere.
425 4293 494 4330 nunc
518 4287 603 4332 autem
627 4281 720 4350 vulgus
745 4302 791 4336 eas
808 4283 869 4338 rudi
885 4283 1066 4349 divinatione,
1092 4299 1181 4335 verum
1199 4284 1334 4353 prodente,

238 4345 548 4428 prrsatonasappellat,
571 4347 669 4416 privati
692 4353 871 4406 condicionem
894 4351 956 4404 inde
980 4367 1107 4417 arguensc
1132 4350 1303 4420 nequeenim
1319 4369 1335 4401 a

237 4416 343 4489 privato
358 4415 484 4472 differunt
505 4415 553 4488 qui
569 4415 626 4472 solo
651 4419 755 4476 nomine
778 4420 897 4477 militiam
918 4418 1125 4491 qualemcunque
1148 4421 1255 4491 ἰοειυιι,
1283 4436 1335 4473 nou
