3125 4959
418 480 476 549 DE
499 481 707 553 MENSIBUS
730 484 887 554 FRAGM.
912 485 1080 555 CASEOL.
1223 493 1294 566 113

718 786 776 867 Ε.

201 942 251 1000 sat
274 942 394 1009 πολλῶν
421 938 659 1029 ἀπολλυμένων
686 945 816 1031 ἔχρησεν
850 945 870 1013 d
897 945 1030 1028 Πύθιος
1057 955 1214 1015 παύσεσθαι
1242 958 1295 1033 τήν

200 1043 301 1119 τόσον,
331 1043 386 1110 tao
414 1043 489 1111 κατ’
517 1043 672 1113 ἐνιαυτόν
701 1054 791 1117 θεοῖο
816 1046 1049 1133 ἆποτροτιαίοις
1068 1052 1090 1141 ἢ
1110 1063 1213 1126 λασίοις
1232 1068 1294 1133 κλη-

202 1145 278 1218 οωτὴ
300 1148 484 1232 σφαγιασδῇ
498 1144 673 1231 παρθένος.
694 1152 752 1234 τῆς
773 1149 804 1207 di
825 1144 953 1233 άνόμου
976 1154 1296 1230 δεισιδαιμονίαςιαιά

177 1246 266 1310 στάν
286 1242 505 1331 φθινόπωρον
525 1247 738 1335 τελουμένης,
761 1249 902 1317 συνέπεσε
924 1272 1002 1320 ποτε
1024 1265 1116 1330 λαχεῖν
1136 1256 1197 1346 τὴν
1212 1256 1296 1328 Ἑλί-

201 1369 274 1432 νην,
285 1346 489 1428 ’Τυνδάρειος
510 1349 546 1416 dl
566 1348 627 1437 τήν
646 1352 804 1433 θυγατὲοᾱ
821 1354 1061 1437 ἰστεφιινωιιέναν
1084 1364 1151 1436 τοῖς
1172 1363 1297 1445 βωμοῖς

199 1445 389 1535 προσήγαγε.
411 1451 657 1537 καταρχομένου
678 1452 713 1519 db
732 1450 828 1517 αὐτοῦ
844 1458 900 1538 τῆς
921 1452 1039 1528 άνόιιοο
1059 1461 1182 1541 θυσίας,
1204 1460 1297 1541 ἀετός

200 1548 368 1631 ειαταιιτάς
385 1549 512 1639 ἥρπασε
533 1559 596 1621 τοῦ
616 1556 769 1642 βασιλέως
788 1550 825 1619 τό
848 1556 943 1639 ξίφος
964 1562 1012 1617 sat
1031 1559 1112 1634 παρά
1132 1586 1206 1628 τινα
1225 1569 1305 1631 λευ-’

201 1648 266 1736 τιοὶν
287 1651 427 1739 δάμαλιν
448 1652 585 1741 άφῆιιεν.
629 1658 663 1723 oi
689 1654 725 1723 di
754 1654 938 1744 δορυφόροι
967 1655 1097 1727 κατόπιν
1118 1661 1296 1751 ἅιιολουθή,

160 1762 335 1833 1οσαυτες,
366 1755 421 1822 καί
443 1756 603 1823 αὐτόπται
624 1754 794 1843 γενόμενοι
815 1763 876 1825 τοῦ
900 1759 1115 1845 συμβάντος,
1134 1768 1190 1839 τήν
1210 1769 1297 1851 βοῦν

200 1852 286 1939 πρός
310 1854 510 1941 Τυνδάρειον
529 1856 666 1945 ἤγαγον.
692 1858 712 1925 ὁ
735 1858 770 1926 δὲ
789 1863 959 1944 θαυμάσας
978 1859 1040 1946 τήν
1061 1862 1223 1947 πρόνοιαν
1244 1875 1298 1946 τῆς

201 1956 263 2040 μὲν
292 1955 559 2044 άνθρωποιτάνου
596 1962 775 2047 συνηθείας
806 1960 988 2044 ἐπαύσατο,
1020 1963 1080 2050 τὴν
1107 1963 1143 2034 δὲ
1170 1965 1299 2042 δάμαλιν

120 2127 122 2134 ,
200 2056 308 2139 θύσας
328 2065 390 2128 τοῦ
410 2066 553 2146 λοιμικοῦ
573 2065 700 2140 πάθους
722 2061 948 2148 ἀπηλλάττετο.

283 2165 325 2249 τῇ
351 2160 416 2247 πρὸ
444 2165 605 2247 τεσσάρων
629 2166 686 2231 καί
710 2171 813 2249 τριῶν
834 2172 952 2233 νωνοίυ
974 2170 1173 2254 Νοεμβρλσιν
1193 2167 1229 2236 iv
1248 2176 1295 2263 τῷ

159 2270 192 2329 15
200 2264 274 2347 ναῷ
292 2268 350 2346 τῆς
362 2263 483 2344 Ἴσιδος
504 2266 713 2353 συμπέρασμα
732 2274 801 2335 τῶν
821 2266 954 2350 ἑορτάν.
997 2270 1162 2337 ἐπιτελεῖτο
1183 2269 1297 2340 distel
1335 2300 1339 2305 “

200 2360 220 2431 ὁ
240 2362 414 2449 λεγόμενος
436 2368 603 2450 δρεπαν*,
628 2366 698 2435 καθ’
719 2368 763 2456 ἢν
784 2369 903 2457 ἑορτήν
924 2371 1186 2458 ὁΜητρόδοιρος
1206 2372 1296 2440 νότον

199 2467 349 2549 φυσῆσαι
369 2464 468 2551 λέγει·
489 2464 640 2535 άλοντεῖν
661 2471 691 2527 δὲ·
709 2471 802 2553 μέχρι
824 2472 964 2556 πέρατος
984 2472 1091 2541 ἐδόκει
1111 2479 1159 2558 τῷ
1179 2479 1295 2557 πλήθει,

200 2563 248 2647 uic
270 2564 380 2653 λόγος,
404 2565 489 2652 πρός
510 2565 685 2655 άποφυγὴυ
704 2569 829 2641 νόσου..
878 2602 880 2607 ’

285 2673 327 2755 τῇ
355 2668 422 2752 πρό
450 2666 525 2737 durni
548 2672 636 2747 εἰδῶν
660 2674 848 2755 Νοεμβρίων
870 2673 961 2757 τιμαί
981 2673 1070 2756 παρά
1091 2680 1158 2743 τόν
1178 2702 1294 2760 γυναι-

158 2752 274 2841 sunsaiv
293 2768 504 2837 ἐπετελοῦντο
522 2769 682 2854 Δήμητρος
698 2773 754 2837 καὶ
775 2778 944 2854 Εἰλειθυίας
964 2776 1152 2857 (Εἰλείθυια
1173 2782 1205 2839 δέ
1222 2781 1294 2840 ἐστιν

201 2872 222 2949 οἱ
243 2877 309 2939 τῶν
327 2873 508 2940 τιιιτουσοίν
528 2870 664 2959 ἔφορος),
687 2870 770 2943 ὅπως
790 2878 824 2935 τὸ
842 2875 896 2955 ἲν,
924 2872 971 2952 ais
989 2892 1071 2961 φησι
1086 2878 1292 2957 morituram,

718 3126 773 3212 V.

370 3292 737 3371 FRAGMENTA
765 3292 1120 3373 CASEOLINA.

200 3443 340 3515 multisque
354 3445 524 3515 pereuntibus
541 3452 626 3501 sortes
642 3446 721 3499 hasco
739 3446 815 3500 dedit
831 3445 939 3518 Apollo,
963 3447 1106 3501 desiturum
1119 3446 1250 3513 morbum,
1266 3448 1291 3501 si

200 3515 341 3584 quotannis
357 3514 407 3567 diis
424 3516 575 3568 averruncis
592 3516 650 3569 sive
664 3515 850 3569 liberatoribus
867 3517 942 3584 virgo
956 3525 1028 3569 sorte
1044 3519 1122 3569 diaeta
1135 3516 1290 3569 immoletur.

200 3584 241 3637 ita
260 3602 317 3637 cum
335 3584 415 3653 impia
437 3583 530 3651 religio
545 3585 639 3653 quovis
657 3592 778 3637 autumno
802 3603 835 3638 ex
855 3585 967 3650 iarotur,
992 3584 1089 3637 accidit
1103 3584 1241 3653 aliquando
1260 3593 1290 3637 ut

200 3652 305 3706 Helena
320 3664 416 3705 sortem
430 3652 546 3706 tolleretr
564 3653 722 3720 Tyndareus
739 3653 800 3708 ideo
818 3604 897 3706 filiam
913 3663 1061 3706 coronatam
1081 3655 1115 3706 ad
1131 3670 1190 3706 aras
1206 3654 1289 3707 addu-

200 3722 250 3775 xit.
285 3722 388 3790 iamque
403 3721 586 3791 auspicabatur
604 3723 662 3774 dira
679 3740 768 3791 sacra,
792 3721 951 3791 euroaquilo
967 3722 1074 3791 delapsa
1090 3722 1161 3791 regis
1177 3722 1291 3789 gladium

199 3800 316 3860 raperet,
333 3790 533 3861 demitteretqua
546 3791 618 3841 iuxta
631 3792 766 3845 candidam
785 3792 896 3861 aliquam
910 3792 1056 3845 iuvencam.
1079 3790 1204 3844 satellites
1222 3808 1292 3861 pono

199 3862 299 3927 secuti,
322 3876 379 3912 cum
392 3877 446 3912 rem
459 3859 512 3941 ipsi
526 3868 705 3928 spectassent,
731 3862 849 3915 buculam
865 3861 899 3912 ad
916 3860 1086 3928 Tyndareum
1104 3860 1248 3927 deducunt:
1266 3858 1291 3911 is

199 3928 391 3996 providentiam
414 3931 570 3997 admiratus,
599 3928 705 3983 satalon
725 3928 936 3983 consuetudinem
959 3932 1084 3999 abrogat,
1108 3927 1292 3982 eainnoleta

199 4013 281 4051 vacca
296 3996 338 4051 lue
350 3996 486 4051 liberatur.

261 4068 286 4119 '4
308 4075 336 4119 ot
356 4068 374 4121 3
394 4067 485 4119 Nonas
508 4066 672 4121 Novembres
695 4067 730 4120 ad
745 4066 826 4119 Isidis
840 4064 972 4119 conclusio
985 4066 1140 4119 solennium.
1174 4066 1291 4133 ageban-

199 4136 244 4186 tur
260 4134 339 4187 etiam
357 4152 425 4205 quaa
442 4136 584 4189 dicuntur.
598 4172 605 4188 .
621 4153 643 4200 ,ς
667 4152 720 4204 quo
741 4138 811 4189 festo
832 4135 999 4189 Metrodorus
1015 4145 1129 4189 austrum
1144 4134 1210 4187 flare
1227 4134 1290 4187 ait.
1381 4156 1384 4159 ⁴

200 4209 229 4253 et
245 4201 418 4257 lavationibus
436 4205 618 4258 abstinendum
634 4204 761 4259 adfinem
775 4220 858 4275 usque
878 4204 1018 4260 videbatur
1035 4204 1121 4274 plebi,
1148 4212 1177 4256 ut
1192 4205 1291 4271 ferunt,

200 4270 234 4324 u'd
251 4270 386 4326 vitandum
398 4276 524 4327 morbum.

189 4381 192 4388 .
269 4342 286 4394 8
309 4342 351 4393 ld.
376 4344 448 4397 Nov.
471 4361 548 4398 sacra
571 4360 620 4413 per
642 4347 772 4397 matronas
790 4341 996 4397 conficiebantur
1009 4340 1115 4395 Cereris
1135 4346 1163 4393 et
1174 4340 1291 4395 Lucinae

203 4408 316 4475 (Lucina
335 4412 536 4479 parturientium
548 4408 742 4483 praescs'est,
762 4412 870 4479 Ilithyia
888 4430 904 4464 a
920 4411 1032 4464 Graccis
1052 4411 1163 4474 vocata)
1184 4410 1291 4462 utillud

203 4494 295 4546 unum,
320 4483 533 4547 quemadmodum
549 4482 588 4538 sit
604 4481 776 4551 Plutarchus,
799 4484 833 4537 od
849 4481 1043 4537 similitudinem
1053 4478 1161 4551 proprii
1181 4477 1291 4533 nominis

245 4562 356 4615 Ιοοποισι
373 4558 474 4628 lydus.
