3125 4959
267 438 367 487 xxxiv
550 419 662 487 lllSll
685 418 743 485 DE
766 418 924 487 ΙΟΑΝΝΕ
949 419 1068 485 LYDO

268 621 321 680 illo
336 616 450 693 editae3
478 628 542 677 tum
559 638 613 697 per
632 620 733 697 iprum
745 618 883 678 Italicum
903 619 961 677 iter
974 616 1114 696 vulgatae
1129 596 1168 673 de
1185 611 1285 675 cliarta
1300 632 1355 694 pa-

269 740 395 803 pyraceo
409 722 506 779 Musei
519 721 661 799 Borgiani
677 717 761 779 docta
776 722 1001 795 commentatio,
1022 721 1135 777 Romae
1154 719 1253 792 1788,
1273 716 1306 791 4,
1327 725 1357 774 et

271 823 309 882 de
330 842 421 883 numo
441 823 548 901 Ulpiae
570 823 724 881 Pautaliae
746 820 786 879 ad
804 820 991 901 Stephanum
1012 821 1154 897 Bergium
1169 817 1359 876 (lardicalem

268 925 413 1004 epistola,
434 926 547 981 Rornae
565 926 660 997 1789,
682 923 714 986 4.
756 919 828 980 huic
839 924 950 1001 igitur,
972 942 1041 981 cum
1055 922 1275 993 essetltomae,
1296 919 1359 975 cla-

269 1028 405 1086 rissimus
420 1025 511 1083 abbas
524 1023 644 1102 Marini,
665 1024 812 1084 tabulario
826 1026 969 1084 Vaticano
985 1023 1163 1103 praefectus,
1184 1020 1359 1079 monstrarit

269 1130 415 1186 maiorem
433 1128 519 1186 illam
539 1144 780 1207 anonymamque
802 1126 871 1184 libri
891 1124 929 1185 de
951 1124 1105 1184 Mensibus
1124 1123 1293 1201 epitomen,
1325 1138 1362 1177 cx

269 1230 393 1299 reticete,
413 1239 446 1288 ut
462 1227 593 1290 Schowii
606 1228 705 1287 verbis
716 1236 785 1285 utar
797 1228 923 1306 praefat.
944 1224 993 1285 ed.
1008 1246 1041 1305 p.
1054 1228 1093 1300 6,
1119 1224 1230 1281 Leonr‘s
1246 1221 1363 1281 Altam
1429 1284 1435 1289 ,

251 1330 382 1389 chartis
393 1330 582 1409 chacriptam.
628 1348 688 1409 qua
703 1331 835 1407 perlecta
848 1328 1024 1403 Schowius,
1056 1327 1110 1408 qui
1129 1324 1276 1384 ineditam
1292 1323 1361 1382 ani-

269 1430 494 1507 madvertisset,
522 1433 587 1489 eius
608 1429 771 1491 editionem
785 1433 868 1491 illico
882 1429 1038 1505 meditari,
1068 1447 1194 1509 eamque
1209 1445 1279 1485 cum
1293 1422 1362 1483 cod.

161 1556 163 1561 ¹
270 1532 431 1591 Barberino
448 1536 508 1597 177
523 1529 605 1612 (vid.
623 1551 713 1611 supra
727 1553 757 1612 p.
773 1534 836 1613 xc)
848 1534 999 1606 conferre,
1028 1532 1211 1610 alteramque
1226 1525 1363 1587 eiusdem

269 1633 340 1692 libri
354 1636 520 1712 epitomen,
549 1652 628 1713 qnae
644 1636 810 1693 aMaxirno
823 1633 958 1694 Planude
978 1635 1057 1692 facta
1078 1630 1205 1705 dicitur,
1233 1650 1274 1689 ex
1293 1612 1363 1688 cod.

269 1735 407 1793 Palatino
425 1734 484 1799 145
499 1736 572 1793 item
586 1734 751 1794 describere
763 1739 823 1797 sibi
835 1740 949 1815 coepit,
976 1746 1010 1793 ut
1023 1734 1148 1813 exponit
1166 1733 1275 1811 ipsein
1296 1731 1363 1809 epi-

270 1837 346 1895 arola
360 1838 454 1893 Roma
469 1838 562 1893 Nonis
578 1838 665 1895 Maiis
680 1838 761 1900 1789
783 1836 821 1896 ad
837 1841 1007 1898 Harlesium
1026 1833 1114 1911 date,
1145 1853 1235 1915 quam
1249 1834 1363 1911 episto-

114 2013 116 2018 ῃ
158 1951 186 2005 p·
202 1937 334 1995 uttam
347 1938 500 1995 Harlesius
512 1940 543 1993 in
556 1938 636 1995 Bibl.
651 1940 704 1994 Gr.
718 1940 781 1996 vol.
795 1938 816 2002 4
832 1960 865 2017 p.
882 1941 942 2003 157
960 1938 1096 1995 inseruit.
1138 1934 1246 2015 quodsi
1260 1945 1364 2013 postea

272 2034 429 2096 Schowius
452 2056 520 2094 cum
541 2038 593 2092 illo
617 2046 700 2095 tanto
723 2041 878 2113 acumine,
919 2038 1008 2117 quale
1031 2015 1063 2095 in
1083 2056 1197 2115 papyro
1215 2038 1364 2115 Bergiunu

273 2138 419 2196 illrtstrata
436 2139 527 2215 inque
542 2134 691 2213 Hesychio
704 2140 824 2217 Lipsiae
839 2141 937 2212 1792,
959 2142 998 2213 8,
1019 2136 1178 2197 emendato
1194 2135 1364 2213 declaravit,

273 2258 376 2297 curam
392 2238 662 2317 cogitationemque
675 2240 808 2319 aliquam
823 2244 991 2319 inutraque
1011 2240 1140 2317 epitome
1154 2236 1365 2315 perpurganda

271 2340 439 2417 posuisset,
472 2339 654 2417 omninoque
683 2338 850 2399 studiorum
872 2351 1041 2399 nostrorum
1063 2341 1244 2418 perrexisset
1262 2349 1364 2397 tenere

274 2442 381 2512 viam,
401 2438 533 2516 profecto
548 2442 744 2517 epitomarum
756 2444 877 2501 illarum
890 2440 1053 2499 editionem
1067 2440 1209 2498 conficere
1222 2441 1319 2518 potuit
1333 2451 1364 2500 et

274 2538 464 2609 emendatam
484 2543 636 2614 maxime,
672 2552 701 2599 et
722 2562 792 2599 cum
815 2545 908 2601 cuivis
927 2545 1108 2600 Graecarum
1125 2542 1280 2620 literarum
1298 2551 1364 2600 stu-

275 2641 376 2717 dioso,
403 2652 470 2700 tum
487 2644 624 2722 inprimis
643 2642 730 2704 nobis
753 2644 785 2699 in
800 2639 858 2699 hac
871 2662 961 2721 opera
975 2652 1076 2702 nostra
1092 2643 1270 2701 mirabiliter
1283 2642 1365 2722 (opi-

274 2742 343 2821 nor)
358 2744 553 2822 profuturam.
598 2743 653 2805 sed
667 2764 702 2802 ea
717 2744 819 2805 omnia
838 2742 953 2821 (dicam
973 2754 1008 2803 ut
1027 2757 1075 2804 res
1098 2743 1156 2823 est)
1172 2745 1263 2824 paulo
1278 2746 1365 2805 aliter

241 2902 243 2907 .
274 2846 454 2906 cecideumt.

217 2964 260 3026 26
360 2949 481 3006 Etenim
494 2948 650 3010 Seltowius
665 2960 698 3010 ut
710 2950 859 3008 Hauniam
873 2970 906 3009 se
920 2950 1051 3023 rettulit,
1072 2968 1142 3007 cum
1159 2948 1286 3007 eximias
1299 2948 1364 3005 eius

275 3052 399 3110 virtutes
412 3053 570 3130 populares
584 3044 816 3131 perspexissent,
838 3071 948 3131 magno
961 3052 1028 3110 loco
1041 3052 1073 3108 in
1088 3070 1179 3129 regno
1196 3070 1272 3123 esse,
1293 3050 1364 3127 plu-

275 3154 418 3232 rimisque
445 3164 475 3212 et
497 3150 714 3213 honestissimis
736 3156 908 3213 muneribus
932 3155 963 3211 in
987 3174 1019 3211 se
1041 3154 1156 3211 collatis
1175 3154 1284 3231 scripta
1310 3170 1364 3209 sua

275 3256 442 3329 continere,
471 3274 605 3337 quaeque
626 3256 657 3312 in
675 3258 775 3315 animo
788 3255 917 3313 habebat
932 3254 969 3311 de
983 3256 1160 3334 antiquitate
1177 3250 1364 3326 illustranda,

276 3374 313 3411 ea
332 3358 364 3411 in
382 3355 465 3412 aliud
483 3367 601 3435 tempus
623 3355 741 3415 differre
764 3363 871 3437 coepit.
913 3368 943 3415 at
960 3358 1080 3414 interlin
1094 3356 1214 3433 Lipsiae
1235 3374 1275 3412 ex
1291 3374 1365 3432 apo-

275 3453 389 3533 grapho
405 3458 469 3515 eins
487 3458 519 3513 in
536 3458 655 3517 libraria
671 3457 869 3518 Weidmanni
884 3480 972 3517 cusas
988 3460 1048 3515 iarn
1060 3469 1123 3515 erat
1139 3468 1240 3514 textus
1252 3460 1363 3515 utrius-

275 3576 333 3635 que
347 3559 511 3636 epitomae,
540 3556 680 3617 adiuncto
701 3560 734 3615 in
753 3562 811 3616 line
831 3562 927 3638 capite
944 3558 982 3616 de
997 3570 1090 3617 terrae
1106 3559 1252 3633 motibus,
1271 3563 1364 3621 ταῦτα

276 3654 334 3735 μὲν
349 3654 388 3718 ito
400 3680 444 3731 τις
458 3681 485 3721 κ.
498 3682 523 3721 τ.
537 3664 564 3722 i.
586 3655 667 3741 quod
691 3659 856 3719 secundnm
879 3682 919 3720 ex
941 3672 1081 3742 quattuor
1101 3660 1274 3737 fragmentis
1295 3661 1364 3735 libri

277 3754 316 3815 de
331 3760 461 3819 Ostentis
477 3780 541 3819 esse
560 3781 591 3841 p.
605 3781 686 3820 xum
702 3760 920 3838 demonstrari3
948 3763 1111 3840 praelatio,
1133 3759 1364 3835 emendationes,

160 3886 186 3935 p.
201 3882 261 3921 nvn
277 3870 365 3918 notae
381 3881 422 3919 ex
435 3863 532 3920 Donia
549 3862 779 3922 summittendae
791 3885 908 3923 summe
924 3864 1182 3943 exspectabantur.
1205 3882 1280 3943 quas
1296 3882 1365 3919 cum

277 3960 388 4020 diutius
399 3966 508 4021 morari
524 3966 723 4045 intelligerent
740 3966 878 4024 librariae
892 3975 1114 4045 procuratores,
1142 3964 1184 4023 ad
1197 3973 1364 4021 extremum

276 4060 466 4142 desperantes
481 4064 518 4122 de
534 4053 688 4143 Soliowio,
719 4077 884 4126 statuerunt
903 4080 935 4127 ut
951 4078 1051 4125 textus
1064 4068 1195 4126 Graecus
1213 4086 1282 4125 curn
1295 4066 1364 4124 bre-

276 4164 360 4223 vibus
377 4167 506 4245 capitum
519 4172 700 4247 argumentis
715 4173 823 4229 Latine
840 4172 973 4249 scriptis,
1008 4173 1105 4251 qualis
1124 4172 1186 4225 iarn
1206 4180 1284 4227 esset
1303 4170 1364 4225 im-

274 4285 393 4345 pressus
408 4269 476 4326 talis
489 4268 642 4347 ederetur,
670 4274 734 4331 sine
750 4275 829 4333 notIs
843 4274 930 4346 ullis,
950 4284 1067 4351 praeter
1080 4290 1188 4351 paticus
1204 4270 1241 4328 de
1257 4272 1364 4330 lectio-

275 4388 346 4426 num
367 4372 518 4431 varietate.
563 4371 682 4433 additur
702 4376 825 4455 insuper
848 4374 958 4451 index,
979 4378 1053 4435 item
1073 4374 1227 4453 praelatio.
1271 4370 1364 4431 editio
