3125 4959
256 500 331 547 xxrr
549 476 661 546 insu
684 476 742 544 DE
766 475 926 544 lomus
950 474 1070 544 LYDO

216 712 218 717 ·
259 690 415 763 gmentnm
428 678 461 738 iu
475 676 671 739 collectaneIs
685 676 725 738 ad
741 679 855 739 calcem
871 676 978 739 codini
991 684 1105 755 exstat,
1127 672 1177 737 ed.
1191 674 1240 735 cit.
1255 696 1287 757 p.
1300 677 1353 753 90,

258 803 310 844 no.
329 781 390 846 182
404 792 434 841 et
446 780 523 857 188,
545 780 657 862 quique
680 783 771 843 istam
790 784 890 863 ipsam
911 780 1068 841 historiam
1084 799 1137 840 suo
1152 775 1243 840 modo
1259 789 1355 838 retra-

262 886 361 959 ctavit,
382 886 473 963 longe
485 885 572 942 aliter
584 903 646 942 rem
659 884 821 958 intellexit,
842 886 987 942 loannem
998 884 1131 964 aliquem
1142 876 1355 964 philosophum

261 998 450 1069 praesentem
471 985 581 1061 fuisse,
604 1004 732 1067 cumque
751 988 950 1046 exclamasset
970 983 1050 1066 apud
1070 981 1304 1045 Demosthenem
1323 1000 1356 1041 sc

263 1093 393 1171 reperire
414 1087 586 1147 vaticinium
609 1083 646 1145 de
666 1088 740 1145 clari
755 1085 911 1147 cuiusdam
923 1086 1054 1148 hominis
1070 1088 1126 1147 suh
1138 1084 1197 1146 hoc
1208 1089 1294 1167 signo
1307 1085 1358 1146 in·

263 1194 371 1266 terito,
394 1210 411 1247 e
427 1190 553 1268 vestigio
570 1190 629 1269 ipsi
646 1210 711 1250 esse
728 1208 746 1249 a
760 1188 931 1271 Philippico
946 1189 1072 1251 Caesare
1084 1191 1264 1273 imperatum
1280 1197 1313 1247 nt
1324 1181 1359 1244 id

265 1295 388 1371 signum
408 1288 515 1349 eodem
535 1290 601 1350 loco
623 1289 795 1370 defoderet3
816 1294 919 1375 itaque
937 1311 1003 1353 esse
1019 1293 1149 1369 factum,
1168 1295 1288 1372 signnm
1299 1289 1360 1349 alic

266 1398 380 1457 ratione
400 1412 461 1453 non
480 1392 612 1473 potuisse
627 1389 732 1453 deleri.
772 1388 914 1476 Ἰωάννης
926 1388 1194 1474 attaminata
1205 1386 1362 1475 φησιιιὸτι

266 1494 309 1579 pri
328 1491 385 1578 τήν
407 1494 499 1558 θείαν
514 1488 666 1575 πρόνοιαν
678 1491 774 1573 οὕτως
789 1495 917 1581 adpicta
931 1495 965 1563 lo
977 1503 1041 1572 τοῖς
1057 1494 1277 1577 Δημοσθένους
1289 1511 1361 1576 cvr

188 1642 191 1648 ι
264 1594 451 1682 γράμμασιν,
471 1590 534 1659 o‘rcd
550 1591 660 1661 maisou
673 1601 729 1662 τοῦ
746 1598 855 1674 (ardico
873 1592 1106 1680 ἄασατανθῆιιαι
1120 1596 1244 1675 ἔνδοξον
1255 1591 1361 1678 ἄνδρα.

266 1697 301 1776 ὃς
321 1699 372 1763 καὶ
396 1693 537 1782 menandri
559 1702 604 1784 soi
624 1699 744 1781 βασιλεῖ
763 1704 939 1787 Φιλιππικῷ
957 1695 1195 1783 πληροφορήσας
1213 1692 1363 1763 sardam

264 1806 435 1883 καταχῶσαι
449 1804 492 1886 τῷ
508 1792 591 1886 crispi
604 1801 699 1886 indigo
718 1792 874 1881 [hambec.
889 1801 1097 1863 Animdrem
1109 1804 1212 1883 p213
1223 1798 1363 1862 emendat

265 1900 298 1968 sd
315 1900 389 1968 αὐτὸ
405 1898 531 1987 Kaidros]
555 1904 590 1971 ἒν
602 1910 646 1992 τῷ
657 1900 738 1990 crispi
748 1898 843 1990 τόπῳ.
885 1900 902 1970 d
919 1902 973 1969 sol
989 1904 1093 1989 γέγονε
1107 1900 1159 1969 διαὶ
1172 1902 1207 1969 sd
1221 1899 1264 1987 pri
1281 1900 1363 1983 dizo·

267 2011 342 2069 σθαι
361 2004 558 2080 καταλύσεως.
601 2006 635 2063 id
656 2025 745 2064 omne
767 2024 859 2084 quam
878 2016 958 2061 recte
979 2008 1023 2061 sic
1039 2008 1223 2063 intellexerit
1237 2008 1294 2063 iste
1308 2021 1364 2061 au-

267 2116 345 2181 ctor,
368 2108 496 2167 aliorum
517 2110 556 2167 sit
572 2105 736 2181 iudicium3
756 2126 814 2164 nec
830 2124 877 2165 res
894 2114 941 2163 est
953 2107 1040 2164 tanti.
1082 2102 1141 2164 hoc
1161 2106 1260 2165 solum
1279 2102 1363 2165 dico:

137 2233 140 2237 ·
266 2212 294 2269 si
306 2212 339 2268 iu
352 2210 417 2270 loco
435 2206 493 2268 hoc
505 2210 599 2269 nostri
612 2229 674 2269 non
686 2208 720 2267 iit
732 2206 812 2287 Lydi
826 2209 954 2283 mentio,
975 2206 1008 2266 fit
1027 2208 1124 2269 multo
1146 2211 1246 2268 minus
1262 2210 1296 2267 in
1315 2228 1365 2268 re-

266 2311 377 2389 liquis,
400 2313 516 2389 quoties
540 2311 672 2390 aliquem
692 2312 837 2370 loannem
861 2307 992 2370 eodinus
1012 2308 1133 2387 laudat3
1155 2331 1212 2370 nec
1232 2330 1365 2392 eaquae

267 2410 409 2491 leguntur
430 2408 592 2470 Collectan.
615 2432 646 2491 p.
670 2414 741 2488 102,
764 2432 816 2473 no.
834 2416 916 2487 205,
948 2409 985 2470 dc
1007 2414 1119 2472 Ioanne
1139 2410 1366 2496 διακρινομὲνῳ,
1438 2461 1446 2474 .

267 2510 375 2587 noricis
389 2508 530 2594 Ἰωάννης
545 2507 816 2595 circumscriptam
829 2512 921 2596 λέγει,
943 2517 996 2595 qui
1017 2515 1089 2574 alibi
1113 2515 1166 2597 (p.
1183 2517 1225 2581 97
1241 2534 1291 2573 no.
1305 2517 1367 2580 196

104 2642 131 2693 p.
152 2636 246 2678 xxxm
268 2628 298 2677 ct
314 2638 345 2699 p.
358 2618 400 2679 99
415 2637 465 2676 no.
482 2614 563 2697 199)
585 2619 696 2677 omisso
712 2618 832 2676 loannis
848 2619 970 2676 nornine
984 2614 1001 2682 o‘
1015 2611 1244 2699 διακρινόμενος
1256 2614 1366 2675 dunta-

265 2730 321 2779 xat
340 2728 463 2779 vocatur
485 2718 542 2800 (de
562 2738 621 2801 quo
639 2722 782 2799 scriptore
798 2729 897 2778 exstat
913 2718 999 2779 docta
1015 2720 1175 2800 hequienii
1191 2720 1366 2780 Dissertatio

267 2824 300 2882 in
316 2819 449 2881 Bandur.
465 2824 576 2904 Imper.
590 2824 701 2883 Orieut.
715 2826 773 2887 t.2
790 2843 822 2904 p.
834 2822 936 2904 794),
956 2824 990 2881 in
1008 2833 1145 2883 nostrum
1163 2820 1284 2905 Lydum
1297 2833 1367 2903 apte

268 2924 427 3009 quadrant.
520 3004 525 3011 1
1193 2916 1196 2924 ’

213 3027 253 3092 15
357 3032 461 3090 Restat
474 3038 625 3111 postremo
642 3031 726 3094 locus
737 3030 859 3093 Ioannis
873 3030 1038 3113 Scylitzae,
1059 3029 1093 3089 in
1112 3047 1172 3110 quc
1189 3024 1268 3109 Lydi
1281 3044 1369 3087 men-

271 3132 387 3191 tionem
406 3132 470 3190 fieri
489 3135 633 3212 suspicati
651 3145 721 3192 sunt
743 3135 891 3194 nonnulli.
933 3134 960 3191 is
981 3133 1112 3212 Scylitzn
1128 3128 1283 3191 historiam
1296 3131 1369 3190 reli·

272 3235 339 3316 quit
352 3232 482 3320 editione
497 3231 627 3313 duplici,
645 3236 776 3313 priorem
787 3236 942 3314 vulgatam
954 3242 1023 3314 post
1037 3252 1065 3293 a.
1081 3232 1177 3310 1057,
1198 3254 1268 3294 cum
1280 3254 1370 3314 prae-

273 3336 369 3396 fectus
386 3348 464 3397 esset
479 3355 580 3398 sacrae
595 3338 690 3414 vesti,
714 3339 839 3396 alteram
857 3339 934 3395 circa
950 3356 977 3395 a.
993 3337 1091 3413 1081,
1113 3356 1182 3396 cum
1197 3347 1299 3417 ageret
1313 3355 1370 3416 pa-

273 3437 340 3495 latii
362 3456 475 3497 curam.
518 3458 553 3497 ac
574 3440 706 3519 priorem
725 3441 811 3499 illam
831 3440 927 3499 ferme
946 3440 1094 3519 integram
1109 3440 1223 3498 rettulit
1238 3441 1269 3496 in
1287 3456 1372 3496 com·

274 3522 420 3618 pendium
434 3560 523 3600 suum
535 3538 712 3601 historicum
734 3540 816 3620 (vid.
829 3544 935 3605 Harles
950 3542 1030 3601 Bibl.
1045 3543 1098 3599 Gr.
1115 3540 1177 3599 vol.
1191 3546 1212 3607 7
1226 3561 1258 3622 p.
1271 3536 1373 3616 7202

276 3639 397 3700 alterius
420 3639 499 3701 nihil
521 3654 565 3702 est
586 3643 685 3704 adhuc
704 3638 947 3725 cusinn'praeter
967 3663 1034 3703 eam
1048 3653 1165 3723 partem
1178 3662 1255 3725 qnae
1266 3641 1373 3721 prioris

276 3738 418 3801 editionis
444 3747 698 3807 continuationem
720 3750 870 3825 continet,
902 3751 1040 3827 impress.
1063 3747 1159 3805 Paris.
1183 3742 1280 3818 1647,
1307 3741 1372 3817 sol„

275 3842 316 3908 ad
339 3844 453 3903 calcem
471 3847 607 3910 Cedreni.
649 3862 805 3931 praetereo
822 3850 1072 3909 hlontesalconius
1088 3843 1373 3932 Bibliothrcoislm.

275 3948 371 4007 Paris.
397 3946 583 4025 1715‚s01.,
610 3974 640 4033 p.
664 3956 744 4027 207,
775 3973 816 4010 ex
834 3950 936 4011 codice
957 3950 1140 4015 coisliniano
1158 3946 1372 4029 praefationem

277 4050 412 4128 vulgarit
436 4069 453 4107 a
477 4050 609 4131 Scylitza
631 4053 701 4114 huic
722 4056 808 4114 alteri
831 4052 954 4113 editioni
970 4053 1145 4133 praefixam.
1188 4049 1373 4127 ibiprimnm

276 4152 484 4229 improbantur
501 4154 538 4212 ab
555 4166 675 4215 auctore
690 4161 816 4217 Ioannes
830 4158 968 4231 Siculus,
985 4154 1117 4214 Michael
1132 4152 1251 4210 Pscllus
1263 4152 1374 4231 aliique

278 4255 436 4333 scriptores
452 4258 556 4315 aetatis
572 4258 654 4315 illius
670 4269 703 4316 ut
720 4262 816 4319 exiles
839 4270 868 4319 et
888 4261 1034 4330 infantes,
1061 4265 1091 4313 et
1111 4255 1163 4335 qui
1184 4273 1231 4312 res
1253 4254 1374 4312 maioris

278 4360 424 4415 momenti
443 4360 475 4415 in
490 4356 623 4418 historiis
637 4361 698 4418 suis
712 4362 974 4439 praetermiserint.
1016 4366 1121 4436 postea
1134 4358 1231 4436 pergit
1245 4356 1375 4437 Scylitzo

279 4456 360 4532 hmrc
381 4462 414 4520 in
430 4458 569 4539 modurn,
591 4462 669 4523 Bihl.
687 4461 811 4522 coislin.
828 4482 858 4541 p.
875 4464 954 4527 208:
977 4457 996 4525 ἆ
1011 4455 1068 4544 γὰρ
1085 4454 1290 4541 depromitur
1304 4449 1376 4520 Θεό·
