3125 4959
253 424 304 499 78
657 423 829 493 10anss
857 420 961 491 LYDI

244 598 374 675 Ἄδωνις
389 595 446 681 μέν
461 596 543 664 ἔστιν
559 593 577 663 ὃ
592 594 720 686 ιιαρπίς,
733 595 830 685 Ἄρης
842 592 906 663 tri
923 601 997 673 nic·
1021 592 1164 678 πολέμιον
1178 594 1214 660 δέ
1226 593 1262 660 τὸ
1275 596 1352 675 ζῶον

252 713 316 778 τοῖς
332 711 461 789 καρποῖς
480 700 582 788 ὥσπερ
603 700 753 790 σωτήριος
766 707 861 783 βοῦς·
887 702 938 765 καὶ
953 697 1007 765 διδ
1021 706 1111 765 τοῦτο
1126 696 1292 784 Αἷγάπτιοι
1308 697 1352 764 ίτι

252 807 303 870 καὶ
318 811 372 870 νῦν
384 810 468 886 βοῶν
480 805 537 888 μέν
551 801 593 901 ὥς
607 806 715 870 ε’πίπαν
729 806 903 889 ἀπέχονται,
927 812 991 879 τοῖς
1006 803 1042 867 δέ
1055 798 1147 879 δεέοις
1160 798 1203 877 ὡς
1216 798 1353 884 μάλιστα

250 908 328 995 πρὸς
340 908 460 991 έδωδὴν
473 908 721 995 κατακέχρηνται.
740 909 909 995 Εὐριπίδης
922 908 957 972 δί
965 906 1149 992 Ἀφροδίτην
1162 903 1260 986 αὐτὴν
1272 904 1357 981 άξιοῖ
1455 953 1458 957 -

154 1039 184 1094 p.
201 1024 236 1079 89
252 1010 464 1093 ὀνομασθῆναι
484 1012 517 1076 ix
532 1018 587 1076 τοῦ
605 1011 744 1099 άφρονας
756 1012 830 1088 τοὺς
844 1013 978 1098 δρῶντας
991 1009 1154 1074 ἀποτελεῖν.
1180 1004 1197 1072 ὃ
1212 1008 1247 1071 δέ
1260 1005 1376 1094 xpi-⁵

250 1138 360 1190 σιππος
384 1113 421 1178 οδ
436 1111 561 1197 Διώνην
585 1113 665 1178 ἀλλὰ
682 1113 826 1197 Διδιάνην
842 1113 937 1198 αὐτὴν
952 1109 1158 1194 ὀνομάζεσθαι
1173 1108 1352 1196 άξιοῖπαρά

250 1216 287 1283 ri
311 1214 479 1282 irrisorium
500 1217 557 1293 τάς
575 1223 630 1298 τῆς
647 1218 789 1301 γενέσεως
808 1212 930 1298 ἡδονάς,
956 1213 1079 1302 Κάπριν
1093 1216 1128 1279 δι’
1141 1214 1354 1295 ὀνομασθῆναι

251 1320 337 1407 παρὰ
353 1320 388 1384 rt
404 1317 485 1383 κάειν
500 1319 650 1404 παρέχειν,
672 1322 723 1383 καὶ
739 1320 914 1405 Κυθερείην
928 1315 1039 1402 ὁμοίιος
1051 1316 1137 1402 παρὰ
1152 1316 1187 1381 τὸ
1201 1315 1352 1398 μὴμόνον

250 1419 428 1508 άνθριάποις
443 1420 521 1484 tutet
534 1422 586 1483 καὶ
600 1423 724 1506 θηριόις
741 1422 776 1485 τὸ
794 1420 876 1486 κάειν
891 1420 1068 1486 ἐπιδιδόναι.
1091 1419 1179 1484 ένθεν
1190 1416 1308 1505 Ἑρμῆς
1321 1421 1353 1483 έν

250 1532 289 1610 τῇ
310 1525 493 1611 κοσμοποιίρ
513 1522 553 1587 τά
573 1524 629 1605 μέν
643 1522 719 1609 δπέρ
736 1524 836 1612 ὄσφδν
851 1524 966 1610 άρρενα
983 1530 1038 1607 τῆς
1049 1521 1242 1609 Ἀφροδίτης,
1262 1521 1303 1586 τά
1317 1522 1352 1586 δὲ
1361 1529 1396 1583 10

250 1627 315 1711 μετ’
346 1626 442 1709 αὐτὴν
472 1622 575 1708 θήλεα
603 1630 829 1713 παραδίδωσιν·
860 1627 936 1692 ὅθεν
954 1625 1127 1714 Πάμφυλοι
1152 1628 1203 1689 καὶ
1222 1622 1354 1709 πώγωνα

251 1730 380 1814 έχουσαν
399 1731 545 1811 ἐτίμησαν
559 1730 742 1818 Ἀφροδίτην
762 1732 845 1797 ποτέ.
884 1736 1032 1813 τεχθῆναι
1055 1728 1088 1793 δ’
1110 1728 1206 1812 αὐτὴν
1217 1728 1354 1806 ἀξιοῦσιν

252 1832 314 1897 ἀπὸ
335 1840 396 1897 τῶν
411 1831 534 1919 Κράνοο
549 1836 686 1917 μηδέων,
705 1834 859 1899 τουτέστιν
879 1833 1008 1899 ἀπὸτοῦ
1027 1836 1152 1909 αἰῶνος·
1177 1829 1249 1916 ἥδέ
1261 1829 1354 1919 φάσις

251 1938 314 2001 τῶν
334 1934 522 2023 πραγμάτιον
541 1936 640 2013 άίδιος
661 1939 712 2001 καὶ
734 1935 908 2024 άφθαρτος.
941 1939 1060 2018 βενίσαι
1076 1935 1111 2000 τὸ
1129 1933 1353 2023 ἀφροδισιάσαι

252 2039 337 2126 παρὰ
352 2046 393 2127 τῷ
409 2037 522 2122 πλήθει
535 2041 660 2125 λέγεται.
683 2037 700 2105 ὅ
715 2042 750 2105 δι’
761 2039 897 2105 Πλάτων
913 2036 969 2105 δάο
984 2041 1195 2127 παραδίδωσιν
1206 2038 1353 2126 Ἀφροδί·
1360 2045 1394 2100 1⁶

249 2167 317 2219 τας,
343 2142 486 2229 οὐρανίαν
505 2144 556 2207 καὶ
581 2141 750 2227 πάνδημον,
774 2146 825 2207 uui
842 2144 899 2226 τὴν
916 2144 972 2226 μέν
987 2154 1051 2219 τοῖς
1070 2148 1157 2219 θεοῖς
1170 2142 1227 2226 τὴν
1241 2143 1276 2206 δέ
1289 2150 1354 2218 τοῖς

250 2244 428 2331 ἀνθρώποις
442 2246 647 2332 παρέπεσθαι.
673 2246 703 2312 oi
718 2249 753 2312 δέ
767 2245 854 2311 άλλοι
870 2252 930 2311 τῶν
944 2252 1076 2330 ποιητῶν
1088 2247 1239 2334 τέσσαρας
1250 2270 1354 2331 παρα·

250 2346 384 2425 διδόασι,
408 2351 482 2430 μίαν
503 2350 558 2430 μέν
580 2351 612 2428 ἔξ
630 2349 771 2438 Οὐρανοῦ
794 2352 844 2419 καὶ
854 2346 994 2436 Ἡμέρας
1006 2354 1178 2432 τεχθείσαν,
1199 2346 1305 2434 ἑτέραν
1319 2347 1355 2418 δέ

249 2450 415 2538 ἓξἈφροίι,
442 2453 474 2528 ἐξ
487 2443 523 2533 ἧς
534 2454 584 2516 καί
601 2449 717 2539 Ἑρμοῦ
729 2452 829 2540 Ἔρως
845 2454 967 2536 έτίχθη,
985 2455 1090 2541 τρίτην
1103 2452 1182 2528 Διὸς
1196 2453 1249 2515 καὶ
1265 2446 1352 2513 Διά-

248 2578 318 2635 νης,
345 2556 377 2631 ές·
398 2544 435 2636 ἧς
458 2555 508 2617 καί
523 2552 628 2641 ’Ἀρεος
648 2557 798 2638 τεχθῆναί
818 2580 912 2641 φασιν
929 2556 1109 2641 Ἀντέρωτα,
1132 2551 1278 2639 τετάρτην
1296 2556 1394 2634 τῆς20

248 2657 364 2743 Συρίας
387 2656 438 2720 καί
461 2653 609 2749 Κάπρου,
640 2658 696 2741 τὴν
718 2658 881 2741 λεγομένην
897 2655 1076 2744 Ἀστάρτην.
1111 2653 1257 2722 άλλοιδέ
1274 2677 1353 2743 φασι

317 2864 336 2919 6
353 2861 469 2932 διδίνην
488 2866 578 2987 vnigp.
722 2868 740 2921 8
756 2864 916 2937 Κνθερτίην
936 2866 1103 2925 Rnethernsz
1125 2865 1189 2924 libri
1212 2865 1354 2936 ιιοθηρίην

233 2986 239 3005 ,
319 2937 352 2989 11
369 2933 530 3003 sepontinos
567 2971 576 2988 .

249 3120 393 3191 sooipinnt.
420 3121 465 3175 vei
485 3130 516 3176 ut
528 3122 587 3177 eliis
602 3122 725 3192 videtur,
743 3121 845 3177 Adonis
864 3123 967 3177 fructus
989 3130 1048 3192 est,
1063 3123 1209 3177 Mursense
1226 3122 1352 3178 infestum

250 3200 337 3244 sutem
351 3191 445 3244 enimsi
460 3192 600 3260 fructibus,
614 3201 643 3247 nt
658 3193 781 3247 soluturis
792 3195 858 3258 bos3
872 3194 1040 3261 quemobrem
1051 3193 1179 3263 Aegyptii
1192 3192 1271 3247 etism
1284 3210 1352 3246 nune

249 3260 364 3314 bovibus
379 3268 409 3312 ut
430 3259 568 3329 plurimum
583 3262 734 3329 abstinent,
761 3261 844 3316 suillis
860 3270 948 3315 nutem
964 3262 1087 3315 carnibus
1102 3280 1180 3332 quum
1192 3262 1305 3333 rnnxime
1318 3263 1352 3316 sd

250 3331 408 3382 vescendum
428 3337 545 3385 utuntur.
579 3331 724 3401 Euripides
747 3340 834 3385 nutem
853 3331 1020 3400 Aphroditou
1041 3349 1098 3385 enm
1118 3331 1173 3385 vult
1194 3331 1352 3385 nominatum

230 3397 312 3451 ,inde
330 3399 400 3467 ηιιοδ
416 3397 523 3453 insanos
542 3408 659 3454 umentes
674 3401 778 3454 reddet.
816 3400 982 3471 Chrysippus
1003 3407 1090 3455 sutem
1104 3418 1159 3454 non
1171 3400 1286 3466 Dionen,
1302 3418 1351 3454 ve-

250 3483 308 3519 rum
327 3466 448 3520 Didonen
469 3486 525 3520 enm
547 3469 676 3523 nominari
693 3468 751 3523 vuit
770 3477 914 3539 propterea
930 3472 1002 3540 quod
1018 3472 1065 3524 dnt
1080 3470 1259 3540 generationis
1275 3468 1350 3522 voiu-

250 3535 459 3605 ptates‚Cyprin
473 3547 560 3591 sutem
574 3540 731 3592 nominatam
745 3556 777 3591 eo
791 3540 862 3607 quod
876 3540 1138 3610 conceptnmeftieit,
1154 3546 1183 3593 et
1190 3536 1351 3605 cytheream

249 3604 351 3672 psritor
369 3622 401 3657 oo
423 3607 494 3673 quod
516 3624 569 3660 non
588 3607 671 3660 soiurn
691 3606 838 3661 horninibus
861 3625 953 3660 verum
976 3607 1055 3661 etism
1070 3608 1164 3663 bestiis
1184 3605 1353 3675 concipiendi

249 3671 401 3726 fucultatem
421 3675 543 3743 praebet.
573 3674 636 3731 inde
664 3676 776 3729 Hermes
796 3677 825 3729 in
845 3676 913 3758 libro
934 3691 1015 3747 nuper
1036 3677 1126 3730 mundi
1147 3675 1282 3730 creatione
1301 3692 1351 3730 „ens

248 3744 991 3883 strutus5¹:1¹:ssfftutuusffi
999 3753 1201 3868 iutuitu
1227 3753 1352 3867 ‘titt

248 3886 336 3932 nsum
349 3886 435 3931 eutem
450 3899 507 3935 enm
522 3881 615 3935 volunt
629 3899 663 3935 ex
682 3882 791 3934 Saturni
807 3881 942 3949 virilibus,
959 3883 987 3936 id
1006 3892 1048 3937 est
1063 3902 1097 3936 ex
1109 3902 1177 3937 nevo
1192 3901 1216 3937 s.
1233 3881 1350 3938 oeterni·

248 3955 322 4011 tute3
347 3963 435 4000 rerum
455 3958 542 4004 nutem
554 3958 652 4004 'nature
670 3959 779 4004 neternn
795 3958 823 4004 et
838 3952 1001 4021 corruptioni
1017 3970 1070 4006 non
1086 3952 1211 4008 obnoxie.
1243 3951 1352 4020 βενίσαι

248 4017 326 4081 (fort.
342 4014 481 4075 veniente)
496 4021 576 4072 rebus
592 4019 715 4073 venereis
731 4020 848 4073 deditum
862 4038 922 4074 esse
936 4022 1017 4092 vulgo
1032 4019 1139 4077 dicitnr.
1170 4021 1247 4074 Pluto
1263 4026 1351 4071 sutem

247 4088 314 4139 dues
332 4092 458 4136 memorat
477 4085 602 4155 Veneres,
617 4090 752 4155 Uauium,
769 4089 789 4142 i.
807 4089 996 4146 e.Cneleste1n
1012 4100 1041 4145 et
1052 4091 1213 4155 Pandemon,
1227 4088 1247 4139 i.
1257 4105 1283 4141 e.
1299 4105 1350 4157 po·

247 4153 380 4224 pulnreru3
397 4161 425 4205 et
438 4152 508 4206 illum
525 4157 664 4224 comdiis,
687 4158 755 4210 hane
770 4175 829 4211 cnm
844 4159 992 4214 hominibus
1009 4161 1172 4214 coniunctam
1188 4175 1259 4211 esse.
1285 4156 1354 4215 reli-‚

248 4223 379 4292 quivero
401 4222 497 4291 poitne
516 4231 641 4292 quusttuor
658 4228 780 4294 tradunt,
799 4244 875 4280 unum
898 4229 979 4283 Caelo
1003 4237 1031 4282 et
1049 4227 1101 4280 Die
1121 4227 1222 4290 nntsrn3
1242 4225 1351 4279 nlternrn

249 4292 349 4360 Spuma
364 4300 543 4361 proerestem,
565 4309 598 4345 ex
611 4309 664 4362 qun
679 4301 708 4346 et
721 4295 853 4349 Mercurio
871 4296 975 4365 Cupido
989 4305 1066 4349 nutus
1084 4303 1140 4364 σείς
1162 4294 1269 4349 tertium
1284 4296 1350 4348 Ioue

250 4368 337 4413 numm
351 4371 380 4414 et
391 4360 486 4427 Dione,
501 4378 535 4413 ex
548 4377 601 4431 qun
617 4371 645 4415 et
660 4362 747 4415 Marte
764 4371 852 4431 netum
867 4365 958 4419 dieunt
974 4366 1117 4431 Anterotn3
1136 4372 1257 4448 quartum
1270 4364 1351 4431 Syris

250 4429 396 4501 Cyproque
417 4438 585 4501 conseptum,
607 4447 676 4501 quse
697 4432 805 4488 Astarte
826 4440 945 4489 voontur.
977 4434 1024 4491 eiii
1043 4451 1110 4490 vero
1132 4436 1225 4490 ducunt
1243 4433 1350 4505 primun
