3125 4959
350 488 352 491 -
392 445 450 512 DE
472 443 811 511 MAGISTRATIBUS
832 443 869 510 Ρ.
893 444 933 511 R.
958 442 1113 510 LlB.111.
1227 444 1301 517 245
1391 486 1393 491 ·

204 614 307 696 τάτοις
328 618 379 684 καὶ
399 612 563 705 ’Ῑσδιχίρδη
583 613 726 703 ὕστερον,
761 613 839 682 ὥστε
859 626 974 693 κοιναῖς
988 612 1139 694 δαπάναις
1153 614 1249 704 άμφω
1263 616 1305 683 τά

204 720 409 804 πολιτεύματα
432 717 579 809 φρούριον
600 721 649 785 lul
666 726 722 803 τῆς
744 721 902 808 είρημίνης
924 716 1044 785 εἰσόδου
1066 716 1303 806 κατασκευάσαι,

204 826 367 908 ἐπιστῆσαί
380 849 413 889 τε
431 822 581 907 βοήθειαν
603 832 667 900 τοῖς
686 819 793 901 τόποις
810 823 887 911 πρὸς
901 822 1119 907 άναχαιτισμδν
1133 830 1195 890 τῶν
1206 849 1303 890 κατα-

203 926 371 1014 τρεχόντων
383 926 427 992 δί
442 926 536 1011 αὐτῆς
548 923 728 1015 βαρβάρων.
744 922 904 1011 Ῥωμαίων
914 928 949 991 δὲ
956 936 1019 1005 τοῖς
1031 930 1100 1015 περὶ
1111 927 1166 1011 τὴν
1173 925 1304 1015 ἕσπίραν

179 1033 255 1095 ὁκαὶ
275 1030 329 1113 τὴν
349 1028 462 1119 άρκτον
479 1030 622 1113 πολέμοις
634 1030 867 1115 ἔνοχλοομίνων,
887 1030 917 1095 ολ
931 1031 1053 1117 Πίρσιιι
1067 1029 1156 1114 ἴσχον
1172 1028 1304 1116 ἀνάγκην

204 1130 256 1198 οἷα
267 1134 495 1220 προσεχίστεροι
508 1141 575 1211 ταΐς
585 1138 647 1199 τῶν
657 1131 828 1221 βαρβάρων
840 1131 964 1222 ἐφόδοις
973 1133 1197 1217 άντοικοδομεῖν
1205 1129 1305 1221 φροί-

203 1261 268 1323 ριον
284 1238 353 1315 διαί,
373 1236 561 1325 Βιραπαράχ
573 1236 648 1302 αὐτὸ
661 1238 797 1325 πατρίως
809 1239 999 1317 καλέσαντες,
1013 1240 1066 1303 noi
1078 1234 1222 1322 δυνάμεις
1237 1235 1305 1303 ἐπί·

203 1363 328 1423 στησαν,
354 1343 405 1407 καί
420 1340 564 1421 πολέμιος
578 1340 634 1406 οὖν
651 1336 754 1427 εῖσῄει.

306 1443 367 1510 53.
414 1442 468 1508 Ἐκ
483 1440 597 1527 ταύτης
613 1449 668 1527 τῆς
687 1444 832 1532 ἀφορμῆς
848 1442 879 1509 oi
895 1444 1017 1531 Πίρσαι
1028 1440 1190 1528 Ῥωμαίοις
1205 1440 1307 1508 ἐπιτί-

164 1549 197 1603 10
204 1548 309 1627 θησαν
322 1545 402 1610 κατὰ
419 1547 547 1633 σμικρὸν
562 1547 608 1611 tul
624 1545 679 1624 τὰς
689 1550 804 1635 Συρίας
819 1548 871 1611 καί
888 1525 1306 1629 Καππαδδιιίαςίκχεάμενοι,

203 1643 247 1725 ὡς
261 1651 357 1729 δῆθεν
371 1648 565 1731 άδικοάμενοι
578 1652 629 1713 καὶ
642 1650 697 1733 τὴν
711 1646 788 1736 άπίρ
800 1655 862 1715 τῶν
873 1656 981 1715 κοινῶν
993 1652 1153 1735 γινομένην
1168 1645 1307 1731 δαπάνην

203 1750 283 1817 κατὰ
307 1751 342 1817 τδ
366 1746 529 1833 ἐπιβάλλον
549 1750 711 1835 Ῥωμαίοις
732 1751 1005 1839 ἀποστερούμενοι,
1039 1752 1116 1819 ὥστε
1132 1748 1307 1839 Σποράκιον

202 1852 257 1919 τδν
270 1861 392 1939 πρῶτον
408 1852 468 1921 ὑπὸ
486 1855 651 1922 Θεοδοσίου
674 1862 732 1923 τοῦ
749 1859 885 1939 μείζονος
905 1857 1120 1946 ἐκπεμφθῆναι
1138 1858 1308 1938 διαλεχθη-

203 1953 332 2039 σόμενον
346 1958 494 2045 Πίρσαις.
546 1956 563 2025 ὃ
579 1960 613 2025 δὲ
628 1957 754 2043 δυνάμει
769 1985 803 2027 τε
816 1957 986 2046 χρημάτων
1006 1962 1057 2025 καὶ
1078 1959 1195 2026 συνέσει
1210 1951 1309 2042 λόχων

162 2058 292 2143 15δγχιλς
305 2056 406 2125 insede
422 2060 550 2146 Πίρσας
557 2108 568 2141 ,
589 2058 748 2145 Ῥωμαίων
760 2060 862 2150 ὥσπερ
874 2064 1082 2151 χαριζομένων
1096 2062 1215 2139 αδτοῖς,
1236 2056 1307 2141 [sind

198 2158 374 2242 Ῥωμαίων]
398 2158 558 2245 ἡσυχάζειν
580 2167 631 2229 καὶ
649 2167 758 2251 φίλους
772 2162 857 2231 εἶναι.
879 2195 881 2198 ’
908 2168 959 2231 καί
975 2171 1072 2231 ταῦτα
1085 2165 1142 2241 ἕως
1154 2169 1211 2229 τοῦ
1226 2160 1306 2228 καθ’

203 2260 287 2346 ἡμᾶς
296 2262 495 2331 Ἀναστασίου
516 2263 640 2351 διεσάρη
655 2266 829 2349 λαλούμενά
841 2293 873 2333 τε
885 2271 935 2332 καλ
950 2264 1124 2351 τυποάμενα
1137 2268 1188 2331 καὶ
1205 2262 1309 2341 άπλαλς

203 2366 368 2453 η’ρτημίνα.
419 2368 467 2431 ἐπὶ
488 2366 522 2431 δὲ
544 2366 641 2433 αὐτοῦ
648 2415 659 2447 ,
684 2368 821 2435 Κωάδου
841 2377 897 2436 τοῦ
917 2373 1057 2458 γέροντος
1076 2369 1149 2452 ὃλην
1166 2370 1309 2455 Περσίδα

206 2471 285 2534 κατὰ
300 2466 458 2553 Ῥωμαίων
478 2468 621 2554 άγοντος,
652 2472 781 2557 γίγνεται
804 2471 951 2555 πόλεμος·
984 2476 1036 2537 καὶ
1056 2474 1138 2559 χειρὶ
1153 2470 1210 2554 μίν
1224 2476 1310 2537 νικᾶν

163 2569 353 2655 ἳθῬωμαῖοι
369 2570 530 2655 δυνάμενοι
536 2620 547 2653 ,
573 2573 689 2665 ἀσωτία
704 2576 736 2639 δι’
753 2577 804 2639 καλ
816 2582 920 2663 τροφῇ
932 2575 1124 2662 Ἀρεοβάιδου
1137 2581 1193 2639 τοῦ
1206 2578 1310 2639 τελευ-

205 2676 292 2741 ταίου
305 2667 359 2758 (ἦν
372 2675 431 2761 γάρ
448 2675 585 2765 φιλῳδὸς
603 2680 654 2741 καὶ
672 2680 820 2765 φίλαυλος
831 2679 882 2742 καλ
897 2676 1096 2765 φιλορχήμων
1115 2678 1176 2749 ιιαλΙ
1187 2675 1310 2767 άπειρίρι

207 2780 255 2843 καί
274 2780 369 2869 δειλίη
383 2781 546 2865 Πατρικοῦ
560 2783 612 2842 ναὶ
631 2778 783 2845 Ὕπατίον
802 2785 863 2844 τῶν
886 2788 1065 2868 στρατηγῶν
1085 2778 1311 2864 ἠλαττώθησαν

274 2968 420 3039 seipsum
435 2972 469 3025 c.
590 2974 608 3029 s
625 2974 702 3043 sou]
719 2950 771 3042 πλε
788 2974 823 3028 c.
943 2976 962 3031 ν
978 2974 1013 3045 3,
1034 2973 1086 3040 53,
1109 2974 1133 3027 c
1150 2971 1310 3041 ριραεραχ.

275 3038 450 3178 pgtffipoqqp
465 3040 555 3111 vulgo.
665 3044 700 3098 21-
716 3040 881 3110 φιλορήμων
897 3043 933 3097 (l.
1042 3044 1079 3098 22
1094 3041 1233 3111 legendum
1249 3044 1312 3096 Πα-

207 3280 371 3349 lsdigerdem
389 3279 528 3347 conuenit,
548 3284 579 3332 ut
593 3275 770 3333 communibus
787 3278 925 3351 utriusque
937 3279 1042 3352 imperii
1055 3280 1202 3351 sumptibus
1216 3279 1313 3334 custel-

208 3350 260 3403 lum
283 3351 315 3402 ud
339 3349 436 3402 dictum
458 3348 594 3403 introitum
616 3349 802 3402 aedificaretur
816 3351 1029 3434 praesidiumque
1043 3350 1108 3405 locis
1125 3351 1161 3403 im
1180 3357 1314 3416 oneretur,

208 3436 261 3488 quo
279 3418 386 3471 barbari
406 3434 529 3487 pcr‘eum
542 3418 673 3471 irruentes
689 3427 852 3473 arcerentur.
886 3420 1012 3475 Romanus
1027 3429 1115 3474 'sutem
1182 3418 1221 3487 ὀ,
1244 3435 1314 3487 quus

180 3520 182 3527 ·
209 3488 237 3541 in
253 3488 400 3540 Occidente
418 3494 446 3540 et
462 3488 650 3556 septentrione
664 3496 756 3541 coortu
769 3497 861 3555 erunt,
885 3489 1066 3559 perturbetis,
1088 3490 1203 3554 Persae,
1220 3493 1314 3556 utpoto

211 3557 348 3627 propiores
365 3557 536 3623 barbarorum
550 3555 754 3626 incursionibus,
772 3554 858 3611 cooc'ti
873 3567 935 3613 sunt
951 3559 1086 3613 castellum
1102 3557 1140 3610 ibi
1157 3564 1250 3609 contrs
1266 3569 1313 3609 eos

210 3626 367 3691 aedificare,
388 3626 459 3693 quod
472 3624 633 3707 Birspursch
647 3626 733 3697 patrio
747 3635 869 3683 sermone
884 3629 1016 3695 dixerunt,
1033 3625 1246 3697 prsesidiumque
1263 3624 1313 3677 im-

211 3712 342 3765 posuer03
368 3710 417 3746 nec
434 3694 668 3763 hostis‘mgressus
685 3702 736 3750 cst.
810 3743 813 3748 .

268 3764 325 3823 ⁵3.
359 3762 418 3815 Huc
434 3763 572 3816 occasione
590 3772 694 3817 utentes
707 3766 808 3819 Persae
823 3766 955 3819 Romanos
968 3762 1089 3833 aggressi
1101 3770 1171 3830 sunt,
1188 3761 1314 3833 psulntim

212 3831 239 3884 in
262 3832 356 3899 Syrius
378 3832 613 3903 Cappadociasque
632 3832 781 3902 irruentes,
807 3834 907 3904 quippe
929 3834 1021 3903 utiquc
1045 3832 1168 3885 iniurium
1189 3831 1263 3901 passi
1285 3839 1315 3884 et

211 3910 316 3969 sumptu
339 3918 497 3970 communem
513 3900 542 3953 in
560 3918 616 3954 rem
631 3903 703 3955 iacto
722 3920 772 3974 pro
792 3910 868 3975 porte
884 3904 1061 3956 Romanorum
1082 3901 1206 3973 spoliati3
1231 3916 1315 3969 quero

212 3966 356 4037 Sporacius
373 3970 471 4039 primus
492 3986 508 4021 u
527 3970 680 4025 Theodosio
696 3971 791 4025 maiori
813 3973 846 4025 ed
867 3971 1023 4041 colloquium
1038 3988 1096 4023 cum
1112 3970 1204 4024 Persis
1220 3968 1316 4022 missus

212 4047 265 4089 est.
300 4039 344 4091 hic
365 4048 452 4093 sutem
474 4055 532 4093 curu
547 4040 675 4108 pecunius
691 4040 720 4092 vi
734 4048 791 4094 tum
806 4041 933 4094 cretionis
950 4040 1090 4110 prudentie
1105 4056 1190 4109 prope
1204 4054 1314 4107 persue-

212 4106 249 4159 sit
261 4106 352 4159 Persis
366 4115 410 4175 ut,
437 4108 515 4177 quusi
536 4109 741 4163 concedentibus
757 4110 825 4180 ipsis
839 4108 978 4178 Romanis,
1003 4110 1172 4179 quiescerent
1188 4106 1319 4174 amicique

213 4183 321 4240 sescnt3
348 4184 428 4246 utque
449 4178 546 4231 iteres
564 4178 597 4231 ed
614 4178 779 4233 Anastasiou
797 4188 913 4233 nostrum
930 4195 1013 4248 usque
1029 4169 1167 4246 colloquiis
1183 4174 1316 4245 pectioni-

213 4245 315 4312 busque
331 4254 417 4300 tracte
433 4254 461 4299 ct
474 4246 578 4300 omnino
595 4262 723 4318 suspenso
739 4254 792 4302 est.
808 4248 858 4301 sub
874 4266 906 4302 eo
922 4255 1018 4315 eutem,
1035 4247 1126 4301 Coude
1138 4263 1202 4299 sene
1215 4260 1317 4297 omnen

214 4313 241 4365 iu
256 4312 387 4367 Romanos
403 4314 540 4369 Persidem
557 4324 662 4385 ugente,
679 4315 774 4371 bellum
787 4316 895 4381 existit3
913 4334 1022 4387 cunique
1039 4332 1116 4369 muno
1128 4314 1236 4368 vincere
1252 4329 1316 4384 pos·

215 4388 276 4435 sent
290 4382 420 4453 Βοιιιειιί,
436 4383 540 4451 luxuria
552 4384 712 4457 mollitieque
727 4385 873 4453 Areovindi
891 4384 1018 4456 postremi
1034 4386 1113 4452 (erut
1124 4383 1194 4438 euim
1215 4389 1317 4449 centus,

216 4450 298 4505 dotas
312 4458 340 4505 et
352 4452 498 4508 stitutionis
516 4457 651 4525 omutor),
680 4462 708 4509 et
728 4454 835 4510 inscitie
853 4455 1013 4526 igruvisque
1030 4456 1137 4523 ducum,
1161 4448 1273 4508 Potricii
1289 4460 1318 4506 ot
