3125 4959
229 431 305 502 216
630 424 798 493 loaaals
822 424 926 490 arm

333 600 391 670 λλ.
441 593 588 678 Πάντων,
611 593 712 681 οίμαι,
736 602 798 664 τῶν
817 591 1015 683 καταλόγων,
1039 596 1067 663 εί
1081 590 1128 680 μό
1142 622 1172 666 τι
1186 591 1322 685 οηόλλσ·

229 730 304 790 μαι,
329 700 543 790 παρελθόντων
562 708 606 791 τῷ
625 701 720 790 λόγῳ,
750 698 916 767 ὑπόλοιπόν
932 702 1019 765 ἐστιν
1043 693 1153 778 αὖθις,
1182 700 1323 788 καθάπερ

229 799 361 894 ἡγεμόνα
381 803 504 890 σεμνόν,
525 807 573 870 ἐπὶ
597 806 700 882 τίλους
721 804 774 870 τόν
796 799 1045 892 νορναιουλάριον
1060 803 1106 868 ἐπὶ
1121 811 1177 887 τῆς
1191 803 1324 890 ἱστορίας

229 910 404 988 άναδεῖξαι·
430 907 546 994 δεῖγιλρ
560 905 663 987 αὐτόν,
688 907 743 992 τὴν
758 904 832 990 ὅλην
847 906 1014 988 συνίχοντα
1027 903 1136 985 τάξιν,
1148 905 1247 992 ἀρχὴν
1257 904 1324 988 ἅμα

229 1015 280 1078 καλ
293 1013 386 1098 πέρας
401 1012 494 1095 αὐτῆς
506 1012 673 1089 ἀποδείξαι.
712 1009 804 1096 άριιεῖ
812 1011 868 1093 μὲν
880 1000 934 1075 σόν
948 1006 1036 1097 αὐτῷ
1047 1009 1125 1094 πρός
1136 1009 1347 1086 ἀξιοπιστίανὸ

230 1117 281 1181 καὶ
294 1113 388 1196 μόνος
402 1111 418 1177 ὃ
427 1112 547 1201 χρόνος,
572 1110 647 1200 tinio
660 1114 854 1200 τριακοσίους
866 1118 918 1177 καὶ
929 1113 1050 1193 χιλίους
1064 1112 1219 1188 decantado
1233 1108 1327 1196 ἡγου-

167 1242 169 1246 ’
230 1218 312 1306 μίνεμ
335 1223 389 1281 τοῦ
410 1213 563 1300 τάγματος
582 1219 633 1280 καὶ
653 1215 710 1281 σόν
727 1215 811 1302 adsui
828 1221 872 1302 τῷ
885 1219 1028 1303 πολισμρλ
1044 1220 1100 1298 τῆς
1117 1209 1328 1298 ἴερᾶςῬοίμης
1414 1206 1419 1216 “

230 1319 400 1404 ε’πιφιινίντι
423 1327 486 1394 τοῖς
508 1314 679 1404 πράγμασι·
704 1323 805 1403 παρῆν
823 1317 883 1403 γάρ
902 1316 1054 1382 άνίιιαθεν
1068 1323 1112 1404 τῷ
1130 1312 1286 1404 ἱππάρχην,
1308 1311 1326 1378 ὃ

231 1425 265 1488 δι’
277 1424 431 1504 λ’ππαρχος
449 1425 492 1506 τῷ
508 1445 539 1484 τε
555 1419 631 1506 ῥηγί.
682 1417 759 1484 ὥστε
781 1421 816 1485 da
838 1421 1011 1506 προοιμίων
1022 1425 1078 1503 τῆς
1088 1414 1258 1502 Ῥωμαὶλιῆς
1269 1443 1328 1482 πο·

230 1525 342 1597 λιτείας
355 1520 505 1608 γνώριμος
519 1519 535 1585 ὁ
551 1518 795 1608 ιιυρνικουλάριός
807 1523 897 1599 ἔστιν,
923 1521 983 1587 τεάν
998 1524 1025 1588 εί
1036 1523 1133 1604 μηδὲν
1148 1521 1233 1609 αὐτῷ
1244 1521 1327 1608 παρὰ
1336 1525 1371 1581 10

230 1627 286 1708 aeia
310 1627 514 1710 προσηγορίαν
539 1625 776 1708 ἀπολέλειπται.
810 1621 890 1702 ἐξότε
924 1629 1068 1690 motam
1092 1621 1194 1708 (oriam
1220 1624 1254 1688 di
1277 1623 1330 1688 τόν

229 1723 429 1812 μελάγχρωτα
440 1725 582 1808 Ῥωμαῖοι
599 1717 747 1810 ιιαλοῦσι)
774 1726 968 1808 Δομετιανός
984 1728 1176 1812 πραιτωρίων
1192 1724 1331 1812 ὕπαρχον

231 1828 310 1896 κατὰ
325 1828 379 1912 τὴν
392 1827 574 1913 Αὐγούστου
591 1831 756 1916 ἐγχείρησιν
768 1825 1016 1915 προβαλόμενος,
1038 1827 1094 1910 τὴν
1109 1835 1164 1892 τοῦ
1178 1825 1331 1908 ἱππάρχου

231 1932 372 2018 περιττὴν
409 1932 542 2010 ἀπέδειξε
576 1931 772 2018 πρυαγιιιγήν,
809 1931 915 1998 ὅπλων
940 1928 1124 2015 ἦγοόμενος,
1158 1930 1331 2012 μετηνέχθη

231 2033 341 2099 πάντα.
392 2035 470 2116 (23)
495 2042 654 2120 τοιγαροῦν
676 2033 715 2100 τά
740 2032 880 2101 immoto
893 2033 980 2121 παρὰ
994 2044 1058 2110 τοῖς
1072 2028 1220 2118 ὖπάρχοις
1233 2036 1374 2116 noos-15

231 2135 343 2219 τόμενα
359 2134 452 2218 μόνος
469 2125 619 2202 διέταττεν
635 2134 651 2200 ὅ
667 2135 930 2223 ιιυρνικουλάρισς,
956 2138 1007 2202 καλ
1021 2135 1094 2211 τοὺς
1108 2136 1141 2212 ε”ξ
1157 2135 1257 2199 αὐτῶν
1274 2129 1332 2197 πό-

232 2265 305 2327 ρους
325 2243 367 2316 είς
392 2241 502 2304 οἰκείαν
523 2240 688 2326 άπειμίρετο
712 2237 914 2326 παραψυχήν.
965 2241 1016 2303 καὶ
1037 2243 1128 2324 τοῦτο
1148 2236 1208 2302 άπὸ
1228 2236 1333 2317 Λομε·

232 2349 335 2408 τιανοῦ
359 2342 415 2418 λ’ως
436 2349 493 2408 τοῦ
512 2345 589 2406 καίν’
615 2339 696 2426 ἡμᾶς
718 2343 887 2408 Θεοδοσίου
906 2347 1038 2428 κρατοῦν
1048 2339 1193 2428 ιἠμείφθη
1212 2338 1263 2404 διὰ
1278 2338 1335 2420 τὴν

227 2441 387 2530 Ῥουφίνου
405 2447 576 2530 τυραννίδα.
628 2441 721 2527 νόμον
736 2446 795 2531 γάρ
809 2444 899 2510 ἴδετο
914 2441 931 2509 ό
944 2443 1090 2526 βασιλεὺς
1100 2440 1273 2529 Ἀρκάδιυς,
1299 2438 1333 2505 τὸ

232 2555 287 2628 τῆς
308 2548 404 2632 ἀρχῆς
425 2549 554 2612 δυνατόν
577 2544 784 2630 δεδιττόμενος
790 2595 801 2625 ,
823 2545 903 2613 ὥστε
918 2547 972 2612 τόν
986 2548 1134 2632 πρίγιιιπα
1150 2551 1206 2627 τῆς
1222 2540 1378 2619 τάξεωςῖθ

233 2655 289 2714 τοῦ
306 2651 492 2734 μαγίστρου,
519 2647 666 2736 παριόντα
746 2648 784 2714 τά
801 2650 932 2733 με’γιστα
949 2644 1129 2732 δικαστήρια
1136 2693 1147 2725 ,
1176 2641 1335 2732 περιεργά-

234 2753 342 2830 ζεσθαι
365 2753 416 2813 καὶ
439 2761 552 2816 ...νεῖν
570 2753 625 2833 τὴν
641 2747 769 2833 δύναμιν
783 2756 846 2816 τῶν
858 2749 1075 2838 πραττομένων
1091 2748 1124 2813 ίν
1140 2748 1244 2826 αὐτοῖς
1249 2796 1259 2828 ,
1284 2749 1336 2813 καὶ

302 2909 500 2965 5malimsanc
513 2903 720 2976 denunciaretur.
736 2911 771 2964 F.
910 2910 1004 2979 9lego
1021 2905 1087 2964 τότε
1103 2909 1153 2978 τῷ.
1169 2911 1205 2962 10'.
1240 2905 1283 2959 vel
1296 2905 1336 2972 τῷ

303 2974 377 3031 τότε.
448 2982 478 3032 11
494 2987 554 3046 post
566 2975 643 3044 ἐξότε
655 2979 775 3048 suspicor
793 2976 925 3031 excidisse
939 2976 1004 3044 γὰρ.
1019 2982 1057 3035 F.
1125 2979 1178 3028 τὸν
1192 2975 1269 3098 ωηο
1284 2993 1336 3027 om.

307 3041 476 3111 lidnaogoc
490 3051 522 3098 C.
627 3049 661 3100 13
675 3042 902 3116 προβαλλόμενος
914 3047 1004 3116 vulgo.
1106 3043 1215 3113 allego
1243 3042 1283 3097 ιλ.
1301 3045 1336 3096 1¹⁸.

303 3117 338 3169 22
355 3117 595 3182 πολυπραγμονεῖν
613 3117 654 3182 1⁴¹,
672 3119 733 3166 att
752 3117 796 3167 10.

303 3250 349 3304 22.
384 3249 527 3316 Omnibus,
552 3249 661 3320 opinor,
686 3246 829 3316 catalogis,
852 3246 880 3301 ni
897 3249 962 3320 quid
978 3249 1069 3318 fallor,
1092 3248 1236 3315 enamtis,
1254 3252 1339 3303 restat

237 3326 266 3372 ut
278 3335 383 3385 rursus,
408 3317 484 3388 quasi
502 3318 678 3372 venerabilem
693 3319 800 3386 ducem,
823 3327 982 3386 postremum
1000 3319 1198 3373 cornicularium
1213 3318 1240 3371 in
1254 3317 1337 3370 histo-

238 3388 278 3440 ria
295 3389 476 3442 ostendamus:
495 3396 600 3456 oportet
613 3385 781 3453 eaira'iHum,
800 3393 883 3438 totum
896 3388 1073 3440 continentem
1091 3387 1222 3453 officium,
1239 3385 1340 3456 princi-

237 3455 309 3526 pium
326 3455 401 3508 siunai
414 3455 544 3524 finemque
558 3455 615 3507 ciris
629 3454 765 3508 exiribcre.
800 3454 843 3506 cai
858 3455 964 3524 quidem
982 3459 1016 3509 ad
1030 3458 1107 3509 fidem
1121 3456 1163 3509 vei
1176 3455 1259 3516 scium
1271 3463 1340 3507 tem-

239 3542 286 3594 μιιιι
305 3524 418 3590 sufficit,
437 3540 517 3592 stupea
530 3523 600 3576 mille
617 3532 750 3576 trecentas
768 3533 850 3575 annos
868 3525 986 3577 ordinem
1005 3526 1126 3592 ducenti,
1144 3525 1269 3593 ipsoque,
1287 3539 1340 3590 quo

236 3610 312 3649 sacra
327 3594 411 3645 Roma
423 3591 545 3658 condita,
561 3601 679 3661 tempora
696 3591 724 3643 in
739 3591 938 3660 rempublicam
956 3594 1120 3648 introducto:
1136 3595 1229 3646 adorat
1241 3590 1340 3661 quippe

238 3661 314 3714 initio
333 3662 456 3728 aragisuo
473 3659 603 3728 equitum,
625 3659 749 3729 magister
765 3659 882 3729 equitum
900 3679 965 3715 vero
982 3670 1036 3715 tum
1052 3663 1120 3732 regi.
1156 3677 1237 3730 quare
1250 3662 1284 3713 ab
1299 3658 1340 3708 in-

238 3729 373 3782 cunabulis
387 3729 426 3780 rei
440 3729 560 3798 publicae
577 3729 711 3781 Romanae
726 3736 859 3782 natusest
874 3730 1080 3796 cornicadarius,
1097 3729 1217 3800 quamvis
1234 3725 1299 3779 nihil
1314 3724 1340 3777 ei

238 3808 346 3868 praeter
359 3814 452 3850 ιιοιιιειι
467 3797 585 3849 relictum
600 3797 650 3850 ait:
675 3815 708 3850 ex
724 3814 776 3865 quo
794 3797 863 3850 enisa
878 3798 1061 3866 Domitianus,
1077 3817 1134 3852 cum
1150 3798 1264 3854 Fuscum
1282 3793 1342 3860 (sic

239 3876 325 3920 autem
341 3865 450 3918 Romani
464 3865 551 3930 colore
562 3866 664 3934 nigrum
677 3867 791 3932 vocant)
807 3869 969 3935 praefectum
986 3867 1121 3937 praetorio
1139 3867 1213 3918 iuxta
1228 3862 1341 3932 Augusti

239 3933 428 3986 institutionem
448 3941 577 4000 creasset,
599 3933 716 4002 aragistri
734 3933 849 4004 equitum
863 3935 1034 4002 eiectionem,
1058 3936 1116 4005 ipse
1130 3932 1272 3985 exercitum
1290 3933 1340 3984 du·

241 4019 318 4068 cens,
344 4019 565 4072 supervacaneam
589 4002 718 4068 ostendit,
745 4011 837 4055 cuncta
855 4012 955 4071 niutata
970 4014 1040 4064 suat.
1076 4002 1147 4069 (93)
1173 4000 1253 4069 igitur
1272 4016 1341 4068 quae

240 4073 472 4140 quomodocunquc
487 4071 558 4139 apud
576 4072 725 4138 praefectos
741 4072 869 4140 praetorii
886 4066 1048 4140 agebantur,
1070 4071 1141 4126 iolas
1154 4067 1342 4122 cornicularius

240 4141 365 4207 regebat,
384 4157 416 4192 ex
435 4138 520 4206 iisque
535 4139 634 4191 reditus
653 4138 682 4191 in
699 4155 771 4200 saum
789 4139 909 4193 solatium
927 4143 1046 4203 ferebat,
1063 4141 1133 4222 ιηιιοδ
1149 4156 1206 4191 cum
1220 4155 1236 4188 a
1249 4135 1342 4189 Domi-

242 4208 314 4260 tiano
332 4224 414 4277 risque
429 4209 462 4261 ad
479 4207 658 4261 'l'heodosium
673 4216 787 4260 nostrum
805 4209 977 4276 obtinuisset,
995 4209 1083 4262 Ruiim
1099 4207 1240 4275 tyrannide
1257 4212 1342 4256 muta·

242 4284 297 4328 tum
319 4285 368 4329 eat.
404 4275 488 4344 legem
507 4274 578 4328 'enim
600 4275 661 4328 tulit
684 4276 825 4345 imperator
842 4278 986 4344 Arcadius,
1010 4276 1177 4346 magistratus
1199 4273 1341 4343 potentiam

243 4353 377 4414 metuens,
403 4355 433 4397 ut
450 4344 572 4415 princeps
587 4343 765 4416 apparitorum
782 4346 918 4413 magistri,
935 4345 1047 4398 maxims
1063 4345 1161 4400 iudicia
1175 4342 1282 4402 obiens,
1299 4341 1341 4393 di-

242 4411 355 4482 ligenter
378 4413 534 4482 curioseque
556 4412 610 4466 vim
634 4413 718 4467 iniis
741 4414 900 4483 agendorum
920 4414 1081 4484 inquireret,
1110 4422 1139 4468 ct
1154 4428 1236 4480 quara
1251 4421 1344 4464 cursu!
