3125 4959
570 422 631 491 -DE
655 422 865 493 MENSIBUS
889 425 950 494 lv.
1258 428 1308 501 69

126 578 133 592 ’
212 588 398 680 ἀνθρώπους
410 598 556 681 συστῆναι
571 598 623 662 καὶ
638 592 755 682 κύαμον
770 602 954 680 βλαστῆσαι.
1012 589 1121 662 τούτου
1138 597 1173 663 ἀί
1190 599 1308 687 φανερά

211 698 300 781 ἐπῆγε
323 695 491 787 τεκμήρια(
509 702 536 765 el
551 697 610 788 γάρ
632 726 679 778 τις
702 701 874 789 διατραγὼν
900 696 1018 782 κύαμον
1040 702 1092 765 καὶ
1113 710 1177 778 τοῖς
1198 702 1303 771 droam
1319 725 1349 779 p·
1366 708 1401 763 77

211 798 334 877 λειάνας
354 802 385 864 ἐν
407 800 482 892 dila
503 808 558 887 τῆς
575 808 631 868 τοῦ
643 800 731 887 ἡλίου
747 810 844 888 βολῆς
859 806 1007 887 καταθείη
1019 803 1096 889 πρὸς
1106 803 1215 888 ἀλίγον,
1242 803 1305 872 εἶτα

211 901 348 981 ἀποστάς
360 903 521 970 ἐπανέλθοι
535 904 606 988 μετ’
630 906 666 971 ού
682 904 779 987 πολύ,
800 905 884 993 ιύροι·
900 900 1095 972 ἀνάιλωάάτα
1112 906 1304 995 ἀνθρωπείου

185 1003 325 1094 wiron·
351 1010 377 1072 τί
399 1008 433 1072 dt
456 1008 508 1073 καλ
534 1007 704 1087 ἀνθοῦντος
727 1016 784 1077 τοῦ
808 1008 926 1087 ἀνθους
947 1008 1050 1097 βραχύ
1073 1010 1173 1094 ίνθείη
1198 1011 1307 1101 ἀγγείῳ

209 1111 360 1197 κεραμείῳ
381 1110 433 1173 καλ
455 1110 589 1193 ἐπίθεμα
610 1113 709 1190 ludria
729 1114 760 1176 iv
786 1118 826 1199 τῇ
848 1117 889 1199 γῇ
903 1139 935 1179 τε
954 1109 1124 1199 κατορύξαι
1136 1116 1187 1179 καὶ
1205 1113 1306 1199 ἐνενή-

209 1238 302 1280 κοντα
324 1210 571 1300 παραφυλάξειεν
588 1211 703 1301 ἡμέρας
724 1215 804 1298 μετὰ
822 1215 858 1281 τά
880 1222 1125 1304 κατορυχθῆναι,
1150 1214 1214 1283 εἶτα
1227 1217 1306 1300 μετὰ

207 1322 306 1382 ταῦτα
325 1312 440 1401 ἀράξετε
460 1321 511 1382 καὶ
529 1314 619 1399 λάβοι
642 1320 694 1384 καὶ
711 1318 820 1407 ἀφέλοι
836 1318 872 1386 τὸ
887 1325 997 1402 πῶμα,
1022 1318 1104 1407 εὕροι
1120 1317 1159 1384 ἀν
1171 1320 1236 1385 ἀντὶ
1250 1326 1306 1385 τοῦ

207 1414 363 1503 κυάμυυῆ
381 1419 490 1496 παιδὸς
504 1421 640 1507 κεφαλὴν
655 1429 847 1489 συνεστῶσαν
861 1421 882 1506 ἢ
897 1421 1037 1509 χυναικός
1051 1425 1176 1488 αίιλοῖον.
1226 1422 1305 1491 ὥστε

164 1539 200 1593 10
208 1520 355 1609 ἀφεκτέον
370 1522 449 1588 κατά
466 1520 661 1611 Πυθαγόραν
675 1524 813 1608 κυάμου,
847 1522 889 1603 ὡς
904 1528 955 1591 καὶ
970 1533 1031 1593 τῶν
1045 1527 1210 1611 λεγομένων
1224 1552 1305 1613 χρυ-

205 1622 403 1707 σολαχάνων,
429 1628 491 1693 ε’πελ
513 1630 564 1693 καὶ
583 1628 684 1695 αὐτῶν
699 1626 719 1713 ἧ
736 1630 849 1715 γένεσις
863 1630 895 1708 ἐξ
907 1627 1048 1712 ἐμμήνων
1063 1635 1213 1714 ρυναικῶν
1229 1631 1305 1697 ι’στί.

172 1793 175 1800 ,
204 1724 316 1793 τούτου
336 1725 429 1816 χάριν
454 1732 498 1807 είς
521 1730 594 1810 τούς
616 1730 734 1819 τάφους
753 1730 867 1815 κάομαι
886 1732 1040 1820 ῥίπτουσαι
1057 1729 1132 1818 ἀπίρ
1150 1734 1303 1819 σωτηρίας

204 1829 390 1919 ἀνθρώπων.
439 1830 486 1898 ὅτι
504 1836 537 1901 δι’
550 1832 666 1917 κύαμος
682 1834 742 1900 ἀπὸ
758 1842 815 1901 τοῦ
831 1836 959 1919 α’ίμιιτος
975 1837 1100 1922 εἴρηται,
1120 1835 1249 1903 datatim
1265 1840 1304 1922 τῇ

203 1937 295 2025 πιίρρ
313 1940 519 2022 παραλαβεῖν·
545 1936 577 2004 εί
593 1964 639 2017 τις
664 1938 723 2027 γάρ
748 1938 841 2010 adab
860 1938 1020 2029 ἀποβρίξιι
1035 1940 1083 2004 ἐπὶ
1098 1936 1302 2026 νυχθήμερον,
1376 1951 1380 1958 “

161 2038 241 2115 15τὸ
258 2040 290 2101 ίν
305 2038 388 2127 αύτῷ
404 2039 489 2127 ὕδωρ
504 2037 622 2130 λύθρον
640 2040 770 2131 εὓρήσει.

308 2142 369 2211 30.
420 2143 449 2208 ai
470 2145 503 2210 de*
522 2142 679 2230 μάγγιπτς,
705 2146 794 2211 οἱονεὶ
815 2155 947 2229 τεχνῖται
968 2149 1024 2211 τοῦ
1046 2138 1304 2230 ἀνάραποδάδους

204 2240 311 2330 ἀρτου,
336 2242 468 2327 ίπεμπον
489 2258 554 2325 τοῖς
573 2250 605 2313 ἐν
619 2247 699 2337 λόγῳ
711 2246 883 2333 Ῥωμυλίας
898 2247 1049 2323 ἀννιάνιις·
1075 2247 1156 2311 οὕτω
1177 2248 1212 2311 δὲ
1225 2241 1301 2309 ταύ-

202 2372 261 2423 τας
273 2344 399 2413 ἐκάλουν
416 2348 468 2413 nd
484 2350 518 2414 τὸ
534 2350 613 2414 κατά
627 2353 682 2432 τὴν
697 2349 822 2435 ι’ννάτην
841 2350 926 2438 ὥραν
943 2352 1138 2417 ι’πιάίιλοσθαι
1158 2348 1236 2437 πρὸς
1247 2350 1304 2414 τοῦ

197 2445 357 2535 Ῥωμύλου
373 2450 428 2533 τὴν
444 2452 562 2539 τροφὴν
575 2463 639 2530 τοῖς
655 2450 865 2541 στρατιώταις.
1247 2469 1249 2472 ’

157 2572 195 2629 ω
306 2557 356 2620 καί
369 2554 428 2646 γάρ
442 2554 691 2642 Οὐαλεντινιυνάς
700 2557 883 2638 ἀπαίδευτος
896 2547 934 2644 ἦν
947 2558 998 2622 καὶ
1010 2550 1105 2638 μάνον
1118 2549 1304 2641 βαρύμηνῑς·

271 2780 287 2836 1
305 2775 463 2850 ἀνθράτιου
480 2784 550 2852 apud
567 2783 588 2836 8
673 2776 868 2852 θδιοιτραγάν
880 2782 919 2851 Ρ,
936 2776 1100 2847 traversum
1117 2781 1142 2833 V
1157 2797 1215 2835 cnm
1234 2779 1303 2861 {Jor-

269 2850 376 2920 pbyrio.
461 2848 623 2915 4οἱποστολς
639 2856 709 2924 apud
721 2854 916 2923 Porphyrium:
934 2847 1060 2910 alveariis·
1076 2850 1111 2902 V·
1181 2850 1304 2915 57οΜ

271 2922 343 2990 apud
357 2920 510 2991 origenem.
578 2922 627 2975 uni
644 2925 697 2979 add
713 2924 864 2977 Raetberue
882 2939 898 2973 e
913 2919 1076 3005 Porplpyria.
1147 2918 1165 2972 6
1181 2914 1303 2985 κατορύ-

270 2988 366 3054 ξοι-
399 2988 678 3058 7παραφυλάξοι-
725 2988 861 3059 deludent
879 2991 915 3048 V.
984 3004 1082 3043 ακοια
1097 2986 1156 3074 VN
1201 2990 1233 3040 17
1251 3004 1301 3053 ᾱρ·

270 3075 338 3119 τους
352 3058 391 3111 V:
412 3078 472 3113 corr
493 3060 591 3115 llaeiua
615 3062 676 3116 call.
700 3062 735 3115 de
752 3060 940 3131 Magtrmau
967 3059 996 3116 7.
1146 3057 1302 3123 Ψωμῡλίαθ

269 3125 339 3185 idem
353 3146 403 3201 pra
418 3126 585 3209 Ῥωμυλίοις.
601 3137 722 3204 praestat
736 3131 836 3187 delere.

188 3328 302 3384 etitiese
317 3336 344 3383 at
357 3331 445 3384 fabam
458 3331 618 3386 efflornisse.
654 3332 727 3387 euius
741 3331 782 3388 rei
795 3333 935 3395 manifesta
950 3333 1079 3387 afferebat
1091 3335 1258 3399 argumenta:
1267 3326 1301 3410 'ei

199 3399 260 3467 quis
275 3399 344 3452 enim
357 3401 444 3456 tabam
457 3403 565 3455 arrodat
579 3403 755 3472 dentibusque
769 3405 951 3460 comminutam
965 3402 1129 3456 serventibus
1143 3399 1205 3452 solis
1219 3400 1301 3479 redae

198 3467 331 3537 pardulum
348 3479 470 3539 exponat,
483 3479 537 3524 tun
551 3482 612 3541 post
626 3472 748 3542 exiguum
760 3474 886 3543 temporis
900 3471 1063 3527 intervallum
1076 3471 1177 3533 redeat,
1195 3468 1300 3519 burnanr
1377 3514 1379 3517 Α

199 3539 302 3591 cruoris
321 3540 427 3593 odorem
439 3539 467 3593 in
481 3557 513 3593 ea
531 3541 678 3611 percipiet3
696 3551 836 3611 praeterea
852 3543 877 3597 ei
892 3542 984 3597 florem
1002 3541 1137 3595 emittente
1153 3538 1215 3588 taba
1232 3552 1298 3603 pau>-

199 3603 279 3659 lulum
292 3607 391 3677 aliquid
405 3609 478 3663 floria
492 3609 520 3662 in
533 3628 580 3663 vae
595 3611 676 3665 fictile
689 3612 831 3667 immissum
844 3621 872 3666 et
886 3610 1008 3681 operculo
1022 3613 1152 3662 obtectum
1167 3606 1237 3657 lrutni
1250 3607 1298 3657 de-

198 3674 294 3743 fodiat,
313 3688 392 3746 atque
410 3679 448 3733 ita
466 3680 598 3735 defossum
615 3682 673 3738 dies
692 3681 835 3749 nonaginta
851 3690 1004 3744 conservet,
1022 3685 1128 3744 tumque
1146 3676 1255 3746 elladiat
1271 3680 1300 3727 et

198 3753 304 3811 promat
322 3756 402 3815 atque
423 3748 572 3818 operculum
592 3750 682 3818 tollat,
704 3749 761 3804 loco
776 3752 854 3805 fabae
870 3759 915 3803 aut
927 3746 1029 3817 pueruli
1045 3754 1124 3814 eaput
1139 3754 1184 3798 aut
1198 3746 1298 3813 puden-

199 3814 261 3867 dum
279 3815 405 3870 muliebre
420 3827 524 3871 enatum
538 3820 666 3889 reperiet.
701 3820 792 3890 itaque
809 3818 989 3873 abstinendum
1007 3818 1070 3871 laba
1084 3834 1117 3868 ex
1130 3815 1300 3881 Pythagorae

198 3894 353 3953 praecepta,
370 3893 400 3938 ut
416 3895 444 3938 et
461 3887 548 3941 aureis
565 3888 691 3955 oleribus,
709 3906 776 3957 quae
794 3890 914 3942 dicuntur
931 3887 964 3954 (i.
983 3904 1008 3938 e.
1025 3884 1175 3955 atriplice),
1193 3901 1250 3935 cum
1268 3900 1301 3938 ea

198 3966 306 4020 qumque
321 3972 354 4007 ex
367 3955 503 4009 mulierum
517 3958 766 4013 menstruatianibus
780 3965 948 4026 generentur.
972 3954 1048 4011 huius
1062 3956 1102 4007 rei
1115 3954 1202 4022 gratia
1212 3954 1242 4006 in
1256 3972 1302 4007 se-

198 4018 292 4088 pulcra
310 4024 389 4077 labae
405 4025 579 4097 coniiciuntur
595 4044 643 4097 pro
662 4028 747 4081 salute
763 4027 903 4081 hominurn.
937 4026 1026 4081 tubam
1043 4032 1129 4077 nutem
1143 4042 1159 4076 a
1173 4023 1302 4091 aariguine

199 4088 297 4142 dietum
319 4111 394 4160 esse,
415 4096 576 4163 experienda
597 4096 700 4166 percipi
723 4105 825 4166 potest:
849 4096 873 4149 ιί
890 4095 951 4166 quie
967 4094 1035 4149 enim
1054 4112 1111 4147 eam
1130 4093 1303 4146 madefecerit

199 4174 249 4229 per
263 4162 349 4213 trectis
364 4180 395 4216 ac
409 4164 461 4216 diei
476 4164 598 4234 spatium,
612 4182 705 4235 aquam
716 4184 783 4234 qtrae
793 4166 820 4219 in
830 4183 862 4219 ea
878 4175 920 4218 eet
933 4180 1050 4218 cruorem
1063 4165 1161 4216 factam
1174 4163 1301 4233 reperiet·

267 4228 311 4280 30.
348 4231 485 4304 lllancipes
504 4242 599 4300 autem,
618 4235 691 4289 velut
704 4235 812 4303 opifices
826 4233 925 4303 plebeii
942 4253 973 4288 ac
986 4233 1091 4287 servilis
1110 4230 1194 4302 panis,
1212 4232 1300 4285 mitte-

199 4295 264 4349 bant
277 4296 441 4366 principibus
456 4303 572 4357 civitatie
586 4304 724 4359 Romuleas
739 4322 867 4357 annonas:
883 4304 921 4359 ita
934 4315 1020 4358 eutem
1035 4303 1081 4355 bae
1095 4304 1226 4354 vorabant
1238 4321 1301 4375 pro·

201 4373 294 4436 pterea
309 4370 380 4433 qnod
399 4389 467 4424 nona
483 4373 547 4425 bora
562 4391 579 4426 e
596 4372 705 4428 Romulo
724 4373 933 4428 distribuebatur
949 4373 1075 4426 militibus
1090 4372 1188 4427 victua.
1201 4401 1235 4413 -

268 4434 376 4492 Etenim
392 4438 594 4498 Valentinianae
607 4442 728 4515 stupidae
742 4443 795 4509 tuit
808 4451 837 4499 et
848 4442 931 4498 nalum
948 4442 1098 4498 iraearrdua.
