3125 4959
611 439 670 507 DE
695 436 915 507 OSTENTIS.
1241 435 1315 507 281

215 603 299 689 πρός
325 606 367 692 τῇ
387 602 505 690 Μυσία
533 601 668 687 στρατιά
696 602 796 688 ἔργον
815 604 874 689 τῆς
893 601 1095 668 Βιταλιανοῦ
1114 599 1318 688 γενησομένη

215 705 339 793 χειρός·
362 705 461 785 αὐτός
482 704 518 773 δὲ
538 704 630 790 μέχρι
648 710 718 773 τοῖν
737 709 796 792 τῆς
816 703 941 781 πόλεως
960 704 1077 787 τειηαῖν
1092 699 1211 782 ἐλόσας
1225 701 1317 787 καρά

216 806 338 893 μικρόν
363 800 445 893 ἦλθε
472 811 540 875 τόν
565 806 768 893 πραγμάτων
792 807 961 902 κρατῆσαι.
1003 802 1060 870 καί
1082 800 1120 869 τό
1143 803 1184 890 δὴ
1205 802 1316 885 τέρας.

217 902 324 988 οὕτως
357 907 549 995 ἀτιμοτάτης
585 910 763 997 βαρβάρων
796 904 975 993 γενομένης
1006 901 1149 991 ἀφόδου,
1192 910 1317 991 μικροῦ

192 1008 387 1097 σπροήκατο
409 1011 465 1078 καί
486 1010 547 1096 τὴν
564 1013 732 1097 βασιλείαν
759 1007 846 1076 ἑκών
865 1005 1087 1086 Ἀναστάσιος,
1117 1006 1175 1073 καί
1202 1012 1318 1092 φαῦλα

217 1112 253 1181 δὲ
273 1113 397 1199 συνέβη
418 1109 541 1193 πάντα,
563 1109 626 1181 ὅσα
647 1111 684 1180 ἐν
705 1109 811 1179 εἰδόσι
830 1110 935 1195 λέγειν
957 1105 1148 1195 ἀδολεσχίας
1166 1107 1266 1178 ἐστίν.

302 1220 334 1280 7.
376 1214 442 1281 Καί
468 1214 663 1301 θαυμαστόν
691 1210 791 1281 οὐδὲν
811 1213 841 1279 εί
858 1214 1118 1295 προθεωροῦσιν
1143 1206 1342 1298 ἄνθρωποι,

217 1313 258 1381 roi
272 1312 419 1400 ἐσόμενα,
440 1320 498 1402 τῆς
512 1313 645 1401 φύσεως
663 1311 765 1400 αὐτῆς
780 1308 1064 1398 προδεικνυοόσης
1075 1309 1117 1380 soi
1131 1310 1318 1399 πράγματα.

217 1413 264 1495 δίς
289 1438 357 1486 που
379 1416 436 1485 καί
459 1416 675 1505 Ἀναξαγόρας
700 1416 754 1509 ἐπί
776 1420 836 1499 τῆς
855 1412 1100 1501 ἑβδομηκοστῆς
1119 1412 1320 1502 καίάγδόης

178 1524 211 1578 10
218 1515 420 1603 ὀλυμπιάδος
438 1520 537 1588 λίθον
557 1518 710 1606 μέγιστον
730 1516 767 1585 ἐκ
790 1522 852 1584 τοῦ
875 1516 981 1607 ἡλίου
995 1516 1143 1585 ἐκπεσεῖν
1166 1514 1320 1604 ίμαντεό·

216 1636 314 1701 σατο,
337 1616 419 1704 ὅπερ
440 1620 497 1688 καί
517 1621 723 1707 συμβέβηκεν
743 1617 887 1702 ὕστερον
906 1617 959 1685 ἀτί
983 1621 1121 1702 Θρᾴκης·
1146 1619 1203 1686 καί
1224 1618 1320 1704 μέχρι

215 1726 282 1787 νόν
307 1720 396 1787 ἔστιν
424 1717 444 1788 δ
472 1722 585 1801 λίθος,
616 1722 673 1788 καί
699 1720 733 1801 ἐξ
759 1720 863 1805 αὐτῆς
883 1714 989 1797 niodo
1009 1724 1069 1805 τῆς
1088 1718 1170 1799 θέας
1188 1742 1320 1804 περικε-

217 1822 359 1907 φλέχθαι
386 1823 505 1890 δοκαῖν.
547 1819 649 1889 ταάτό
672 1822 708 1889 aa
728 1826 828 1889 rorico
849 1818 934 1888 κατά
954 1842 989 1887 τε
1004 1818 1153 1907 Ἀβυδον
1174 1821 1230 1888 καί
1250 1820 1320 1890 Κό-

217 1930 309 2005 ζικον
331 1924 496 2011 συμβῆναί
518 1941 620 2011 φησιν
637 1922 847 2007 Ἀπουλήῖος·
879 1919 961 1988 ὅθεν
987 1920 1035 1989 ότι
1061 1921 1118 1989 καί
1137 1926 1203 1989 νῦν
1223 1924 1321 2003 λίθος

177 2032 209 2086 1⁵
218 2024 284 2093 ἐστί
304 2021 385 2109 παρ’
408 2022 522 2104 αὐτοῖς
541 2023 698 2112 πυρώδης
718 2022 779 2109 μὲν
801 2019 839 2088 τό
859 2026 998 2106 χρῶμα,
1028 2020 1153 2113 σιδήρῳ
1175 2024 1210 2091 δὲ
1233 2023 1322 2104 ἀπας

217 2127 557 2212 κατασεσημασμόυος·
581 2124 833 2210 παραδεδόσθαι
853 2122 917 2207 γὰρ
938 2117 1038 2207 λόγος
1058 2126 1255 2209 Κυζικηνοῖς
1274 2123 1322 2203 τίς

218 2226 466 2293 συναπολέσθαι
500 2230 548 2314 τῷ
581 2229 665 2314 λίθῳ
695 2220 756 2309 τὴν
783 2221 883 2290 πόλιν
908 2221 1045 2309 ἀνάγκη.
1078 2222 1257 2309 Ἵππαρχος
1283 2226 1322 2293 δὲ

218 2322 401 2405 ἑξακοσίοις
430 2325 618 2411 ἔμπροσθεν
649 2326 815 2403 ἐνιαυτοῖς
841 2320 981 2409 ἡλιακην
1004 2324 1249 2411 προκατέλαβευ
1268 2327 1320 2395 ix·

218 2433 336 2505 λειυιν.
379 2426 433 2492 ἐπί
460 2425 496 2505 δὲ
525 2432 583 2509 τῆς
610 2432 753 2513 φυσικῆς
782 2428 929 2510 ίστορίας
956 2424 975 2494 ό
1000 2424 1161 2511 Ῥωμαῖος
1184 2431 1322 2508 Πλίυιος

176 2530 318 2603 σολίθου
339 2526 518 2612 ἑωρακέναι
546 2527 649 2613 φησὶν
670 2529 707 2595 ἐν
733 2529 904 2614 Βοκουτίῳ
933 2532 990 2612 τῆς
1006 2525 1143 2605 Ἰταλίας
1164 2528 1197 2609 ἐξ
1220 2521 1321 2613 οὖρα-

218 2631 283 2697 rori
303 2628 596 2714 κατενηνεγμένου·
618 2628 699 2695 ὥστε
720 2629 825 2712 πολλὴ
847 2631 1006 2695 κοινωνία
1025 2636 1098 2708 ταῖς
1119 2632 1322 2717 διοσημείαις
1353 2648 1355 2652 ’

219 2728 304 2814 πρὸς
331 2729 371 2795 roi
397 2726 509 2814 γήϊνα,
531 2727 601 2796 Ιιιάν
629 2736 698 2808 τοῖς
715 2729 781 2798 α’κδ
803 2735 861 2817 τῆς
886 2736 985 2811 στοᾶς
1006 2730 1050 2818 μὴ
1073 2734 1167 2819 δοκῇ.
1210 2732 1320 2818 ὥσπερ

218 2831 240 2917 ἡ
261 2829 322 2915 μὲν
341 2827 474 2915 ἐπιτολή
495 2833 563 2896 τοῖν
581 2828 698 2897 όάδωυ
720 2829 848 2918 ὄμβρον
867 2832 987 2913 πολύν,
1007 2828 1029 2919 ἡ
1050 2835 1087 2901 δὲ
1106 2839 1175 2901 τοῖν
1194 2834 1321 2922 ἐρίφων

218 2932 274 3001 καὶ
295 2936 357 2997 τοῦ
378 2928 568 3016 ἀρκτούρου
587 2931 757 3020 ηαλαζόδη
777 2940 900 3003 τοῦτον
921 2933 1081 3004 ἀποτελεῖ.
1122 2935 1199 3023 περὶ
1213 2936 1249 3005 δὲ
1263 2941 1323 3023 τῆς

285 3067 322 3122 23
337 3062 405 3135 ἡμῖν
422 3065 456 3120 C.
491 3084 552 3119 corr
570 3066 607 3119 Η.

220 3194 273 3241 tum
292 3187 423 3239 exercitus
438 3186 587 3239 Moesiacos
607 3204 683 3240 monn
700 3189 828 3243 vitaliani
851 3208 954 3243 caesum
969 3190 1017 3242 iri:
1042 3193 1102 3259 ipso
1120 3207 1226 3259 quoqne
1241 3189 1319 3243 vua-

220 3256 321 3323 iinnus,
339 3259 372 3309 nd
389 3256 461 3307 urbis
478 3256 581 3311 moenia
599 3258 725 3324 promotis
742 3261 841 3327 signis,
859 3277 950 3330 porum
966 3259 1052 3311 oirsuit
1068 3259 1132 3327 quin
1148 3276 1233 3310 rerum
1250 3261 1321 3328 poti-

221 3336 304 3377 retur.
340 3327 372 3377 ad
391 3335 563 3393 postremum,
581 3325 734 3381 foedissima
750 3332 817 3381 adeo
833 3332 1003 3382 barbarorum
1016 3328 1166 3379 incursione
1182 3328 1321 3396 existente,

222 3394 330 3463 propius
355 3392 419 3444 nihil
442 3405 483 3447 ost
507 3396 603 3447 fectum
626 3412 703 3466 quum
728 3404 757 3451 ut
778 3408 873 3468 sponte
895 3398 1005 3467 imperio
1030 3396 1184 3448 Anastasius
1205 3399 1323 3466 cederet,

221 3462 360 3543 onmiuuuo
382 3470 443 3515 tuuc
463 3482 590 3533 pervorsa
613 3465 779 3537 ecciderunt,
803 3485 872 3538 quae
893 3467 1000 3521 nimium
1023 3474 1094 3519 esset
1117 3468 1187 3535 apud
1206 3468 1322 3526 scienta

230 3548 355 3599 rerscqur.

220 3552 229 3603 Ι
290 3603 317 3653 7.
353 3600 412 3653 Νοο
433 3600 539 3670 mirum,
568 3601 592 3655 si
614 3603 778 3673 prospiciunt
800 3604 918 3658 homines
937 3606 1041 3670 tuturo,
1068 3604 1206 3673 cumipse
1229 3610 1323 3658 notura

222 3680 317 3723 eventa
333 3678 533 3739 praemonstret.
568 3672 737 3742 Anaxagoras
755 3674 915 3742 Olympiade
931 3675 965 3727 78
982 3692 1071 3726 saxum
1091 3690 1211 3726 cosmum
1227 3692 1286 3724 esse
1306 3692 1323 3726 e

220 3740 277 3791 soie
300 3737 447 3808 praedixit,
476 3738 555 3807 idque
578 3744 675 3795 sactum
700 3750 741 3796 est
760 3744 893 3813 posterius
915 3741 943 3794 in
964 3743 1089 3795 Thracio.
1127 3751 1155 3794 ct
1176 3743 1325 3795 ostenditur

221 3808 300 3860 etiam
316 3826 383 3860 nunc
400 3806 482 3876 inpia,
500 3808 587 3860 statim
604 3811 661 3879 ipso
675 3822 784 3881 aspectu
798 3813 941 3864 orubusttun
955 3830 985 3864 se
998 3815 1123 3882 prodens.
1158 3810 1222 3863 illud
1236 3811 1323 3881 ipsum

221 3878 254 3929 ed
272 3877 391 3944 nuptum
410 3875 590 3944 Cynicumque
604 3881 732 3934 eccidisse
747 3879 895 3948 IrApuieius
909 3889 1050 3946 memorat3
1068 3882 1137 3931 unde
1154 3882 1239 3932 oslhuc
1253 3881 1322 3949 iupis

220 3956 343 3997 servatur
358 3946 427 4014 opud
445 3945 518 4011 ilios,
536 3944 623 3998 colore
640 3950 745 4017 igneus,
762 3950 827 4001 ferri
844 3968 876 4001 ex
893 3951 961 4003 omni
974 3960 1050 4021 porte
1065 3948 1179 4015 vestigio
1192 3950 1321 4002 retinens.

221 4020 249 4067 ct
267 4024 409 4068 inertiorem
432 4014 581 4083 opinionon
602 4016 703 4071 ducuuu
721 4020 789 4087 opud
809 4020 971 4086 Cyzicenos,
995 4038 1055 4072 csso
1074 4018 1102 4070 in
1120 4019 1182 4071 iotis
1199 4028 1228 4073 ut
1246 4018 1322 4071 simut

222 4100 280 4135 cum
305 4084 393 4153 lupide
421 4084 464 4135 iilo
489 4083 584 4137 civitas
606 4085 755 4141 intercidat.
791 4089 909 4142 defectus
935 4090 999 4142 sciis
1026 4089 1054 4141 iu
1076 4098 1214 4141 sexcentos
1238 4104 1322 4140 aornos

222 4153 430 4220 praeoccupavit
446 4154 625 4223 Hipparchus.
660 4160 729 4224 opud
747 4157 890 4210 Vocontios
907 4160 933 4211 in
952 4158 1030 4211 Ituiio
1046 4157 1146 4209 vidisse
1163 4158 1322 4227 se'iopidcm

223 4222 328 4273 ccasio
346 4223 458 4275 delatum
476 4223 601 4276 CPiiuius
619 4224 754 4277 Secundus
768 4227 795 4277 iu
810 4228 930 4281 Historia
947 4227 1060 4281 naturali
1078 4229 1175 4289 τείσεις
1195 4237 1225 4279 ut
1241 4226 1323 4292 igitur

223 4289 355 4357 signorum
370 4295 403 4345 de
416 4310 512 4361 suprro
533 4310 671 4363 rerumque
689 4296 849 4350 terrestrium
866 4312 960 4365 magno
979 4296 1015 4349 sit
1031 4296 1193 4362 coniunctio,
1216 4295 1321 4348 taructci

223 4358 321 4413 Stoicis
336 4362 439 4413 minime
456 4362 482 4415 id
499 4362 630 4415 videatur.
666 4364 704 4417 iu
721 4367 866 4420 sncrrlerum
883 4377 991 4421 exortus
1008 4367 1116 4418 imbrem
1129 4365 1238 4433 largum,
1255 4366 1322 4416 hoe-

222 4427 313 4482 dorum
331 4438 359 4483 et
377 4431 475 4485 arcturi
496 4431 683 4502 grandinosam
700 4436 793 4492 efficit.
829 4454 888 4491 uam
904 4437 938 4493 de
957 4436 1090 4492 caniculae
1104 4444 1164 4489 ortu
1176 4451 1272 4488 rerem
1287 4452 1322 4488 no
