3125 4959
240 432 291 507 56
379 448 386 465 “
640 426 812 499 loturus
838 427 941 498 LYDI

240 604 277 673 δὲ
290 604 322 684 ἕξ
336 598 500 693 δρχόντων,
523 601 646 687 πίνητες
660 601 695 667 δὲ
711 600 745 667 lx
760 600 913 668 πλουσίων
926 603 977 667 καί
992 601 1026 667 ἐκ
1039 595 1174 685 πενήτων
1184 597 1338 687 πολυχρό-

239 733 342 795 ματοι,
368 709 418 772 καί
435 706 550 785 ίνδοξοι
564 706 666 789 pto-2}
681 702 891 791 ἧμιλημίνωκ,
913 705 1152 793 ἐπιφανέστατοι,
1165 705 1244 783 dli}
1262 703 1338 770 άδό-

239 818 301 892 ξων
314 813 464 896 γίνονταις
486 811 610 896 χείρους
623 806 653 873 oi
674 812 729 873 τοό
744 803 877 875 πλοότου
892 809 978 895 παρὰ
993 808 1028 874 τό
1045 809 1155 894 μίτραν
1170 805 1336 895 ἒφιίμενοι·

239 922 370 992 πλοῦτος
381 913 442 1001 γάρ
456 918 575 997 μᾶλλον
590 908 727 996 κακίαςῆ
741 912 972 996 καλοκάγαθίας
984 908 1136 995 ὖπηρίτης
1146 912 1219 988 ἐστί,
1246 913 1338 999 φησίν

240 1012 382 1105 όρήτωρ.
408 1021 460 1085 καί
482 1012 567 1098 οἶμαι
588 1012 706 1093 τοότοις
721 1012 916 1099 προσσχόντα
932 1015 985 1080 τόν
998 1011 1154 1079 Πλάτωνα
1168 1013 1264 1102 φάναι
1277 1019 1364 1097 pop-5

240 1123 313 1189 δίνα
325 1123 466 1206 γίνεσθαι
476 1120 618 1208 μεγίστου
633 1115 766 1213 πλοότου
782 1115 898 1206 κόριον,
917 1121 944 1185 εί
955 1116 1001 1203 μὴ
1013 1117 1068 1185 τόν
1080 1119 1341 1205 προεζημιωμίνοκ

240 1225 297 1311 τὴν
313 1219 429 1307 ναόν·

348 1330 381 1393 8.
430 1330 469 1411 τῇ
484 1319 592 1411 πρώτῃ
606 1322 714 1401 τοίνυν,
736 1317 779 1402 ὥς
794 1320 919 1412 ίφημεν,
932 1328 994 1389 τῶν
1008 1324 1168 1388 καλανδῶν
1183 1323 1343 1403 δδίσπιζον

144 1452 175 1508 p.
192 1434 228 1490 62
245 1428 274 1495 oi
298 1427 386 1515 ίερείς
410 1427 489 1497 κατὰ
511 1412 583 1503 τοδς
602 1428 800 1508 Σιβυλλείους
814 1423 985 1514 χρησμοός,
1011 1422 1087 1513 όπίρ
1107 1423 1222 1510 όγιείας
1230 1432 1343 1511 χρῆναι

244 1530 359 1610 πάντας
372 1531 433 1597 ἀπό
448 1528 602 1617 πρωῒπρδ
617 1526 718 1626 πάσης
735 1526 841 1617 ίτίρας
854 1537 972 1618 τροφῆς
987 1525 1193 1615 ἄνιογεόεσδαι
1209 1526 1342 1615 άκράτου
1352 1537 1388 1591 10

126 1638 128 1642 ’
244 1636 325 1706 οίνοο
345 1640 387 1713 είς
399 1630 606 1721 ἀποτρόπαιον
618 1634 795 1718 ποδαλγίας.
817 1635 916 1700 ίστίον
937 1634 971 1698 δί
987 1633 1067 1699 κατὰ
1083 1633 1139 1716 τὴν
1154 1630 1272 1719 ἡμέραν
1285 1637 1345 1697 τῶν

243 1740 403 1808 καλανδῶν
415 1737 469 1807 τόν
480 1735 568 1822 ἣλιον
580 1734 746 1827 ε’φ’.ίιψους
759 1739 911 1824 γίνεσθαι,
931 1736 986 1806 τόν
999 1737 1033 1805 δί
1046 1738 1197 1827 στέφανον
1212 1734 1345 1804 δόεσδαι

246 1841 378 1931 δρθρου.
1172 1913 1175 1922 ,

310 1960 313 1967 “
347 1943 382 2013 9.
432 1948 471 2029 τῇ
485 1942 520 2009 δὲ
532 1937 611 2025 ἑξῆς,
632 1940 699 2027 ἥτις
711 1943 774 2009 ίστί
788 1944 849 2030 πρό
862 1941 1020 2032 τεσσάρων
1033 1949 1136 2009 νωνῶν
1142 1941 1346 2029 Ἰανουαρίων,

244 2044 408 2132 ίσχόλαζον
423 2047 475 2113 διδ
488 2045 527 2139 τό
541 2045 607 2133 ἱερά
625 2047 699 2129 [διὰ]
716 2048 754 2112 τὰ
771 2045 969 2136 ίιτποδρόμια.
991 2047 1021 2113 oi
1037 2048 1071 2113 δι’
1086 2046 1146 2134 πρό
1162 2042 1217 2130 τῆς
1230 2048 1278 2111 lul
1291 2046 1347 2128 τὴν
1356 2061 1389 2118 15

245 2150 452 2239 ἱπποδρομίαν
466 2146 613 2237 προόδου,
638 2150 861 2238 συμπαρόντων
881 2150 984 2229 αῧτοίς
997 2158 1058 2217 τῶν
1073 2150 1254 2238 ἀρχιερέων,
1277 2146 1348 2231 ίνή-

245 2257 328 2340 γιζον
342 2266 406 2331 τοῖς
420 2255 571 2336 δαίμοσιν,
597 2254 645 2319 lul
667 2254 701 2319 δὲ
714 2261 774 2320 τῶν
788 2255 955 2339 άγυιιίιντὰ
970 2254 1042 2343 παρ’
1061 2254 1164 2335 αὐτοῖς
1177 2250 1349 2335 καλεόμενα

246 2360 419 2445 μιλιαρίσια
439 2364 482 2444 τῷ
501 2355 613 2439 πλήθει
636 2358 814 2423 ἐπεδίδοσαν
837 2363 880 2435 είς
899 2358 993 2442 τιμὴν
1012 2359 1196 2435 Σκιπίωνος·
1228 2362 1350 2444 πρῶτος

246 2461 308 2548 γὰρ
325 2461 416 2537 αὐτὸς
432 2462 478 2527 ε’πί
492 2466 545 2542 τῆς
558 2457 722 2543 ἑκατοστῆς
736 2458 859 2544 ε’ννάτης
869 2458 1079 2544 Ὀλυμπιάδος
1092 2461 1129 2525 δι’
1146 2459 1261 2525 ίνδειαν
1270 2484 1350 2545 χρυ·
1391 2541 1394 2548 ι

246 2565 314 2630 σίου
342 2573 407 2642 τοῖς
434 2560 634 2649 στρατιώταις
651 2564 691 2632 τὰ
712 2568 884 2652 μιλιαρίσια
907 2563 1139 2641 κατασκευάσας
1160 2564 1395 2636 ἐπιδίδωκεν,ω

241 2667 378 2749 Ἀννίβου
392 2677 456 2745 τοῖς
469 2664 645 2754 πράγμασιν
657 2670 854 2751 ἐπικειμένου.
876 2669 927 2732 καί
938 2671 1110 2752 μιλιαρίσια
1124 2664 1184 2727 ἀπὸ
1196 2668 1253 2745 τῆς
1264 2668 1352 2745 μελε·

249 2769 317 2847 τίας
338 2770 426 2835 οἱονεί
443 2776 498 2851 τῆς
523 2776 668 2856 στρατιᾶς
690 2770 929 2854 ὠνομάσθησαν.
962 2766 980 2833 ό
1005 2769 1039 2834 δὲ
1059 2766 1236 2855 Δαρδάνιος
1256 2768 1288 2831 ε’ν
1307 2772 1351 2854 τῷ

320 2999 339 3056 4
356 2998 455 3063 κακίας
467 3000 573 3069 μᾶλλον
590 3000 623 3069 Ρ,
641 3000 711 3054 sicut
722 3000 821 3070 legitur
833 3002 902 3073 apud
916 3000 1070 3053 isocratem.
1147 3000 1165 3053 9
1183 2997 1353 3070 Σιβολλίοος

319 3068 399 3141 vulgo
504 3073 538 3127 17
554 3072 683 3140 δαίμοσιν
695 3072 856 3141 ursmarus,
877 3072 923 3126 ubi
935 3070 998 3123 libri
1013 3067 1157 3135 δόγμασιν.

251 3275 324 3345 cipes
340 3281 378 3328 en¹
389 3274 517 3346 privatis,
543 3273 642 3343 privati
656 3274 885 3344 exprincipibus,
908 3289 1039 3344 pauperes
1055 3289 1089 3326 ex
1107 3272 1206 3328 ditibus
1222 3278 1302 3344 atqua
1318 3289 1353 3327 ex

251 3344 413 3414 pauperibus
430 3343 563 3413 opulenti,
578 3352 606 3396 et
618 3343 736 3396 celebres
751 3362 783 3397 ex
798 3343 947 3412 neglectis,
957 3342 1094 3400 clarissimi
1108 3354 1194 3397 autem
1209 3361 1242 3397 ex
1256 3345 1352 3409 obseu-

253 3414 291 3466 ris
308 3414 445 3466 evadunt?
471 3413 576 3482 pe'iores
596 3414 712 3466 evadunt
732 3413 778 3481 qui
801 3413 909 3466 divitias
924 3413 1060 3465 immodice
1077 3420 1220 3482 appetunt:
1242 3411 1354 3465 divitiae

254 3482 323 3534 enim
340 3482 480 3552 pravitatis
495 3482 578 3550 magis
603 3498 680 3551 quam
698 3482 839 3551 probitatis
855 3483 991 3535 ministrae
1007 3492 1083 3547 sunt,
1104 3491 1135 3535 ut
1150 3481 1189 3533 ait
1201 3489 1305 3544 orator3
1326 3486 1355 3531 et

255 3551 349 3616 opinor
361 3552 403 3604 his
416 3550 606 3605 animadversis
620 3551 755 3604 Platonem
768 3552 868 3605 dixisse
882 3552 1011 3604 neminem
1024 3551 1083 3603 fieri
1099 3550 1268 3605 maximarum
1282 3548 1353 3604 divi·

255 3617 350 3672 tiarum
363 3620 502 3687 dominum,
519 3621 571 3693 nisi
587 3620 633 3689 qui
647 3628 724 3673 antea
736 3623 856 3674 damnum
872 3622 989 3690 cepisset
1004 3620 1099 3673 animo.

326 3687 353 3739 8.
386 3689 475 3743 Primo
488 3690 589 3758 igitur,
608 3698 637 3741 ut
655 3688 783 3757 diximus,
799 3690 975 3744 Kalendarum
990 3690 1034 3742 die
1050 3689 1191 3742 edicebant
1202 3688 1355 3742 sacerdotes

257 3770 292 3809 ex
312 3754 449 3823 Sibyllinis
470 3759 600 3825 oraculis,
625 3776 673 3827 pro
695 3760 809 3812 sanitate
828 3770 952 3830 oportere
971 3777 1060 3813 omnes
1076 3777 1093 3811 a
1108 3758 1190 3828 primo
1206 3776 1280 3812 mane
1294 3762 1356 3808 anta

256 3841 359 3878 omnem
373 3836 485 3880 ceterum
499 3828 597 3882 rictum
612 3826 719 3898 gustare
734 3846 832 3882 merum
847 3831 961 3896 (vinum)
982 3830 1016 3882 ad
1036 3830 1258 3883 averruncandam
1273 3826 1357 3894 poda-

255 3910 340 3963 gram.
369 3894 501 3951 sciendum
523 3906 611 3952 autem
629 3897 806 3952 Kalendarum
827 3898 871 3953 die
890 3899 972 3953 solem
992 3897 1020 3952 in
1037 3915 1136 3952 omnmo
1151 3907 1222 3951 statu
1237 3912 1312 3962 esse,
1328 3900 1358 3954 et

256 3964 389 4018 Coronam
403 3964 521 4020 occidere
535 3986 621 4021 mane.

326 4032 353 4088 9.
388 4032 440 4086 Die
454 4045 569 4102 postero,
590 4038 635 4107 qui
648 4042 692 4095 est
707 4055 732 4091 a.
746 4036 764 4091 4
776 4037 870 4091 Nonas
887 4036 1033 4104 Ianuarias,
1057 4037 1138 4091 ferias
1159 4036 1275 4103 agebant
1292 4050 1355 4104 pro-

256 4101 498 4173 pter‘Equiriorum
512 4105 638 4161 solennia.
655 4107 694 4159 illi
708 4115 794 4160 autem
810 4116 948 4177 antequam
963 4109 996 4160 ad
1011 4115 1142 4160 certamen
1156 4112 1280 4172 equestre
1293 4117 1356 4173 pro-

260 4173 358 4242 dirent,
371 4172 556 4244 praesentibus
572 4191 623 4229 una
638 4177 823 4246 pontificibus,
845 4196 922 4231 sacra
945 4177 1080 4230 iaciebant
1099 4175 1241 4238 Manibus,
1261 4172 1289 4226 in
1306 4172 1358 4225 riis

257 4251 347 4301 ,autem
361 4242 506 4309 miliarisia,
520 4259 587 4325 quae
601 4248 670 4313 apud
682 4247 755 4317 ipsos
769 4248 932 4314 dicebantur,
947 4246 1019 4315 plebi
1031 4245 1220 4313 largiebantur,
1234 4242 1261 4295 in
1276 4243 1358 4295 bono-

259 4329 317 4366 rem
333 4313 378 4366 Sci
398 4314 483 4369 ionisr
498 4329 597 4382 prtmus
614 4315 682 4368 enim
699 4316 742 4372 ille
758 4317 917 4385 Olympiade
935 4316 1076 4368 centesima
1095 4329 1165 4365 nona
1178 4313 1212 4365 ob
1230 4311 1287 4365 suri
1300 4312 1359 4363 ino·

260 4383 331 4453 piam
344 4334 470 4439 militibus
487 4381 625 4435 miliarisia
639 4386 672 4437 ab
691 4384 750 4453 ipso
765 4388 887 4440 coniecta
900 4384 1030 4451 attribuit,
1048 4381 1199 4435 Hannibale
1216 4383 1297 4435 rebus
1310 4381 1360 4433 im·

260 4453 386 4509 minente.
419 4460 449 4509 et
460 4450 599 4508 miliarisia
612 4469 629 4507 a
641 4452 734 4509 militia
750 4457 821 4511 dicta
832 4462 910 4510 sunt:
926 4453 1076 4509 Dardanius
1095 4460 1183 4506 auten
1195 4451 1224 4506 in
1239 4450 1307 4505 libro
1319 4448 1362 4501 Da
