3125 4959
540 387 582 454 ΙΝ
610 387 769 453 LIBRUM
794 387 851 453 DE
877 385 1091 453 OS'l‘ENTlS.
1284 387 1355 457 391

353 555 461 629 ozni
476 574 505 612 v.
520 555 568 614 18.
610 550 762 630 ἔκλειψιν]
782 553 834 610 illa
848 550 885 610 de
898 549 1066 631 Hipparcho
1079 555 1127 611 vel
1142 573 1159 610 u
1174 553 1293 612 librario
1308 555 1356 613 vel

274 634 311 690 ab
325 636 390 712 ipsc
405 646 522 694 auctore
535 635 616 694 haud
627 640 688 695 scio
701 657 792 717 quam
806 638 880 694 bene
893 635 943 695 hic
956 648 1024 696 sunt
1035 638 1217 716 interposita.

359 718 400 776 ib·
420 741 448 778 v-
467 725 517 783 20.
559 721 592 785 ἕν
612 722 779 805 concrete]
816 733 897 780 erant
917 725 1053 782 Vocontii
1070 724 1102 780 iu
1121 723 1219 782 Gallia
1238 722 1355 781 Narbo-

274 805 375 877 nensi,
397 807 448 862 ubi
461 826 538 862 nnnc
554 817 599 865 est
619 808 739 868 Voisou.
755 809 833 864 Plin.
849 811 885 864 H.
901 811 936 866 N.
952 811 971 870 3
992 805 1023 868 4.
1052 808 1199 867 Gossellin
1220 808 1356 888 Ge'ogra·

268 887 342 964 plrie
357 890 394 946 de
410 887 553 960 Sandan,
573 891 699 950 bodone
714 911 750 948 eo
758 891 916 970 franceis,
939 896 1043 954 tom.2
1063 892 1123 966 25,
1143 901 1213 951 note
1227 895 1257 954 3.

357 995 386 1052 p·
401 979 462 1039 282
480 995 507 1032 v.
525 974 573 1037 14.
614 973 651 1038 toi
674 981 735 1038 acic
756 980 841 1055 μυῶν
862 973 977 1055 ἥπατα]
993 969 1075 1033 idem
1092 974 1130 1034 de
1146 975 1278 1035 medulla
1296 972 1355 1034 hu-

273 1077 361 1115 mana
376 1059 465 1116 refert
481 1063 573 1118 Iulius
584 1062 729 1119 Firminus
747 1061 825 1123 840
843 1061 891 1120 ed.
908 1065 1033 1136 Hervag.
1049 1080 1075 1118 a.
1091 1060 1182 1124 1551.

355 1163 385 1221 p-
400 1148 461 1206 288
476 1165 505 1202 v.
523 1147 551 1206 1.
593 1144 737 1217 ἒπίθολος
756 1143 854 1202 adhuc
874 1167 935 1204 non
950 1148 1098 1203 invenitur
1109 1147 1142 1202 in
1155 1145 1277 1202 lexicis:
1299 1142 1354 1200 nd-

272 1228 404 1284 verbiuru
416 1224 567 1302 ἐκιθόλως
578 1242 623 1289 est
638 1229 717 1308 apud
731 1230 891 1306 Georgium
904 1228 1159 1311 archiepiscopum
1172 1226 1354 1288 Alexandri·

270 1332 344 1369 num
359 1315 424 1370 Vita
442 1312 475 1371 S.
491 1316 610 1372 loaruris
625 1313 827 1392 Clnysostomi
841 1318 902 1380 200
924 1318 975 1380 39.

353 1395 394 1454 ib.
410 1417 439 1455 v.
452 1396 483 1458 4.
524 1397 648 1457 indictio
661 1418 741 1457 nona
754 1397 858 1456 incidit
870 1403 901 1456 in
916 1419 1025 1458 nnnrnn
1039 1399 1151 1472 salutis,
1172 1406 1223 1454 unt
1235 1395 1353 1454 trabea-

197 1503 200 1512 ·
270 1483 371 1548 rionis,
392 1491 425 1538 ut
446 1501 514 1539 curn
533 1482 703 1562 diplomatis
721 1484 841 1561 loquer,
864 1484 943 1555 5813
965 1483 1070 1541 seditio
1096 1485 1167 1542 Nica
1187 1482 1219 1537 in
1237 1502 1264 1538 a.
1279 1479 1352 1544 532.

269 1563 434 1624 Chronicou
448 1566 588 1643 paschale
602 1571 664 1632 336
676 1569 713 1641 Β,
733 1570 895 1646 Procopius
909 1569 985 1626 Bell.
996 1571 1079 1628 Pers.
1099 1572 1112 1630 1
1136 1571 1177 1631 70
1190 1568 1228 1641 A,
1248 1562 1354 1624 Theo-

267 1647 380 1726 phanes
395 1650 453 1712 154
464 1652 498 1708 0.

274 1735 275 1738 ’
351 1733 391 1791 ib.
408 1754 436 1791 v.
450 1734 480 1797 5.
522 1738 563 1818 τῷ
575 1733 681 1816 ρ’ἕμφει
696 1733 819 1815 φέρων]
841 1737 947 1795 similis
959 1738 1086 1795 narratio
1101 1733 1181 1815 apud
1192 1734 1352 1791 libanium

268 1815 316 1875 ed.
330 1816 432 1876 Reisk.
447 1822 467 1880 3
490 1822 551 1882 338
568 1821 601 1878 C.
642 1823 676 1883 iu
689 1823 774 1878 cuius
785 1821 842 1879 sure
857 1831 955 1880 arator
967 1818 1003 1878 de
1018 1830 1209 1880 restauratore
1225 1819 1351 1876 civitatis

267 1905 308 1958 ait
331 1901 404 1960 llaec
424 1901 705 1979 Nicomedensibus,
732 1907 798 1963 laco
828 1906 880 1986 (ut
907 1903 1030 1985 opinor)
1057 1925 1163 1985 parurn
1183 1903 1351 1961 intellecto:

266 1987 386 2068 μεγέθει
403 1989 515 2061 θυσίας
526 1983 786 2069 ν’περβαλλόμενος
801 1997 932 2069 κρεῖττον
949 1988 1036 2068 dcciv
1050 1986 1237 2063 νευσοὶυταν,
1259 1985 1352 2065 ἐπην-

265 2067 371 2150 οἱρθου
392 2068 426 2134 td
443 2069 526 2135 dccv.
567 2071 725 2133 Federicus
739 2077 879 2133 Morellus
893 2073 1021 2133 reddidit
1038 2081 1059 2140 2
1078 2078 1139 2138 203
1153 2076 1193 2131 B:
1215 2073 1369 2130 victime·

264 2158 471 2233 magnitudine
483 2179 674 2236 exsuperans,
694 2181 764 2217 cum
775 2181 827 2218 νοσ
840 2160 884 2218 ad
894 2161 1000 2218 melius
1007 2179 1150 2238 propense
1168 2159 1279 2226 essetis,
1296 2175 1352 2230 op-

259 2241 369 2316 pidum
379 2245 411 2296 a'n
427 2245 576 2320 integrum
587 2247 723 2303 restituit.
768 2242 823 2303 sed
836 2248 1001 2304 versionem
1015 2265 1082 2302 enm
1094 2263 1198 2303 vereor
1209 2252 1241 2300 ut
1254 2241 1352 2319 possi-

264 2344 330 2382 rnus
355 2325 489 2402 probare.
530 2329 652 2401 malim,
681 2327 783 2408 psy'e'b.
814 2336 887 2391 θυσ.
918 2324 1177 2408 ὑπερβαλλόμενος
1208 2331 1349 2405 Κροῖσον,

264 2405 351 2487 ὖμοῖν
373 2403 561 2484 recudatur,
588 2419 619 2468 et
640 2431 716 2490 quae
740 2423 921 2491 sequuntur;
943 2422 976 2468 nt
995 2415 1033 2468 sit
1053 2427 1173 2468 sensus:
1196 2410 1349 2487 onagroru-

264 2495 334 2550 ‹lc'ne
349 2493 491 2569 sacrificii
506 2495 642 2552 Croesum
654 2515 811 2572 superans,
826 2491 914 2553 'vodis
927 2495 1081 2552 inclinatis
1102 2491 1174 2573 (lroc
1189 2503 1243 2568 est,
1264 2493 1349 2572 quasi

262 2582 383 2636 ruinam
402 2577 598 2656 mirratuibm)
619 2581 746 2636 restituit
766 2578 879 2638 tardem.
924 2582 1020 2658 tangil
1038 2589 1136 2638 orator
1150 2579 1349 2635 narrationem

263 2661 301 2720 de
321 2661 491 2738 ingentibus
508 2661 613 2721 hostiis
633 2666 767 2740 Apollini
788 2663 934 2743 Delphico
956 2683 975 2722 a
998 2665 1106 2723 Croeso
1130 2662 1288 2740 iugulatis,
1310 2659 1349 2718 de

261 2747 368 2826 quibus
382 2743 548 2804 llerodotus
563 2749 600 2808 19
613 2747 652 2803 A.

345 2850 375 2908 p·
391 2827 451 2892 284
465 2850 494 2887 v.
509 2833 539 2892 2.
582 2827 631 2892 tut
649 2833 704 2909 τῆς
725 2823 832 2910 ἐνάτης
855 2828 907 2892 καλ
927 2833 1161 2912 τεσσαρακοστῆς
1185 2824 1346 2910 Ὀλυμπιά-

262 2914 333 2994 δος]
356 2912 436 2994 apud
447 2916 579 2974 Plinium
594 2919 614 2978 2
638 2920 691 2978 12:
719 2915 906 2992 Obrnpiodis
919 2915 959 2980 48
973 2937 1054 2975 auno
1067 2925 1183 2996 quarto.
1376 2914 1378 2918 ⁴

234 3046 237 3051 .
345 2999 386 3055 ib.
404 3010 433 3056 v.
448 2998 478 3061 5.
519 2996 581 3061 sirco*
601 3001 784 3061 Σουλπικίου
808 2993 941 3079 Γάλλου]
963 3000 1047 3060 locas
1067 3011 1113 3060 est
1133 2996 1212 3078 cpud
1228 2998 1346 3056 Livitun

262 3086 303 3149 44
324 3090 375 3149 87.
408 3085 510 3150 conl'er
526 3105 644 3165 qnoque
661 3086 876 3156 Quintilianum
889 3083 926 3156 de
941 3086 1010 3145 inst.
1023 3105 1067 3144 or.
1082 3089 1097 3148 1
1123 3088 1162 3148 10
1174 3082 1343 3158 subfinem.

344 3188 375 3246 p.
389 3169 451 3232 285
465 3179 526 3226 not.
542 3190 571 3226 u.
589 3172 624 3231 10
632 3170 702 3227 ima.
746 3167 883 3247 dosidtc]
907 3171 1000 3228 sumsi
1016 3169 1191 3228 vocobulum
1206 3188 1246 3225 ex
1260 3171 1345 3244 Apu·

263 3254 320 3311 leio
334 3251 372 3308 de
384 3252 497 3310 mundo
511 3257 568 3317 711
584 3253 636 3331 lin.
653 3249 688 3327 7,
711 3257 772 3319 728
786 3255 840 3312 lin.
853 3260 883 3319 2.
925 3256 1132 3332 invenitnrque
1151 3250 1208 3308 hnc
1227 3251 1343 3330 signifi-

262 3340 374 3396 catione
396 3356 457 3394 non
480 3335 602 3418 quidem
621 3339 653 3394 in
670 3339 792 3414 lexicis,
820 3336 874 3398 sed
890 3349 989 3397 tamen
1005 3336 1085 3418 apud
1101 3337 1266 3415 complures
1279 3345 1345 3392 tum

261 3433 357 3501 patres
384 3430 448 3478 tum
469 3419 704 3483 mathematicos.
746 3427 788 3481 ita
808 3425 949 3502 Origenes
969 3434 1069 3503 contra
1093 3422 1214 3480 Celsum
1237 3420 1277 3484 45
1297 3422 1342 3476 B:

260 3510 389 3586 cooperitur
410 3499 433 3582 ἢ
452 3507 578 3580 δοκίδες.
619 3508 735 3582 θυννίδες
758 3510 792 3568 S.
814 3510 942 3567 Basilius
964 3510 1090 3587 Magnus
1105 3505 1228 3564 homilia
1245 3502 1285 3566 25
1304 3501 1342 3560 de

262 3590 390 3648 lrnrnsna
406 3587 516 3647 ebriat
532 3595 718 3668 generatione
740 3597 758 3657 1
778 3591 842 3656 592
860 3595 896 3651 l).
939 3589 1069 3674 παρήλια
1086 3591 1135 3654 καὶ
1153 3589 1268 3660 δοκίὸες
1281 3590 1357 3646 Ars

261 3674 421 3734 temidorus
444 3676 642 3734 onirocriticis
663 3681 721 3742 128
743 3679 785 3752 Β,
808 3678 869 3741 180
888 3680 923 3735 Β.
966 3682 1027 3740 τοῖν
1045 3673 1236 3752 καλουμένων
1258 3665 1341 3752 παρά

260 3781 318 3822 τισι
346 3763 482 3863 κομνρῐοῖν
507 3752 530 3838 ἢ
560 3761 689 3823 δοκίδων
710 3762 857 3821 Eusebius
878 3765 1073 3820 Denrorrstrat.
1097 3755 1201 3836 evang.
1222 3756 1283 3819 420
1302 3759 1340 3814 Λ.

259 3846 382 3915 desiduo
405 3869 424 3922 η
450 3838 610 3924 σάλπιγγας
630 3847 753 3905 Procius
770 3847 949 3926 Pareplrrosi
963 3851 993 3904 in
1007 3847 1212 3903 Ptolemaeum
1228 3843 1287 3904 131
1304 3843 1341 3898 B.

259 3928 297 3988 de
314 3930 447 3988 trabibus
463 3926 531 3988 vide
548 3938 634 3988 notas
655 3929 726 3989 edit.
744 3942 862 3990 nostrae
883 3931 1044 4008 Prodigior.
1061 3931 1130 3988 lulii
1145 3928 1345 4008 obsequentis·

340 4097 382 4154 ib.
398 4109 459 4156 not.
475 4119 504 4157 v.
517 4094 537 4160 4
549 4098 619 4154 ima.
661 4092 709 4161 ire
724 4096 914 4182 Αὔγουστος]
937 4097 1004 4156 uide
1022 4101 1096 4156 item
1117 4106 1199 4156 notes
1223 4082 1337 4152 cd‘lul.

257 4182 472 4262 Obsequent.3
495 4183 555 4246 295
572 4185 608 4239 B.

340 4267 380 4323 ib.
397 4289 425 4326 v.
439 4267 468 4330 5.
513 4266 735 4346 Καμπὲσνριος]
758 4272 832 4326 verti
851 4270 921 4324 item
942 4267 1151 4344 Comperimus:
1174 4280 1277 4324 verum
1297 4279 1336 4316 ex

235 4388 238 4392 -
258 4350 393 4428 analogia
407 4351 594 4410 scribendum
606 4353 709 4410 fnisset
722 4355 822 4431 potius
841 4353 1017 4430 (irmpesler.
1052 4371 1149 4432 neque
1163 4351 1194 4407 in
1208 4351 1335 4427 epitome
