3125 4959
100 446 104 455 .
210 402 271 452 vm
504 381 616 451 nasu
639 337 698 449 un
721 380 879 455 roman
902 381 1021 449 arno

211 592 348 663 receptus
368 581 446 641 circa
462 600 576 643 annm
589 582 670 659 512,
691 594 725 643 ut
745 580 880 658 videtur,
902 582 1038 641 celeriter
1047 601 1110 642 non
1122 579 1163 641 ed
1175 583 1307 644 notarios

210 682 302 743 modo
317 685 521 764 praefecturae
540 687 710 765 perveniret
728 683 783 744 sed
799 683 840 743 ad
852 686 996 763 pecunias
1012 687 1104 743 etiam
1116 706 1307 766 pennagnas,

210 783 383 867 solidosque
406 807 513 848 aureos
537 786 693 847 conticeret
713 807 730 844 e
750 806 876 845 munere
897 806 953 846 suo
968 788 1057 846 unius
1071 790 1250 867 annispatio
1266 785 1308 846 ad

209 889 313 963 mille;
345 886 437 970 idque
458 894 536 951 iuste
558 909 592 947 ac
611 890 763 967 legitime,
796 886 1051 969 quemadmodum
1070 891 1136 968 ipae
1158 900 1308 948 asseverat

127 1006 156 1059 p.
174 1002 194 1043 v
210 993 231 1054 3
252 994 294 1054 27
316 1010 347 1069 p.
362 992 426 1054 219
449 996 499 1057 19.
541 1012 598 1050 nec
616 994 715 1051 minue
728 990 886 1050 commode
899 994 928 1049 ei
941 988 1047 1049 cecidit
1061 987 1143 1070 quod
1153 992 1186 1047 in
1199 989 1309 1051 eodem

209 1092 389 1151 officiatum
402 1095 509 1173 agebat
520 1094 663 1174 patruelis
677 1095 742 1153 eiua
755 1096 953 1169 Ammianus,
973 1094 1058 1151 cuine
1070 1094 1201 1153 consiliis
1215 1105 1307 1174 atque

209 1195 318 1255 officiis
334 1202 364 1252 et
378 1195 453 1256 alias
471 1217 561 1275 saepe
584 1215 655 1253 usus
669 1205 714 1253 est
731 1206 760 1253 et
776 1198 911 1253 maxime
925 1198 958 1253 in
973 1191 1109 1253 ducenda
1126 1215 1221 1254 uxore
1241 1207 1308 1255 tum

209 1298 329 1377 copiosa
343 1294 437 1375 (dotis
452 1296 592 1355 videlicet
606 1306 726 1353 centum
739 1296 885 1355 librarum
898 1295 977 1374 auri)
989 1306 1056 1354 tnm
1068 1296 1159 1353 etiam
1170 1296 1306 1375 probata,

208 1404 301 1481 qnail
317 1400 359 1461 28
373 1416 403 1475 p·
409 1400 468 1461 221
487 1402 611 1476 onegat
624 1399 787 1478 quicquam
796 1398 891 1457 fuisse
904 1401 1024 1458 metius.
1044 1396 1307 1459 ascenditinterim

130 1526 134 1530 ·
209 1497 250 1557 ad
269 1499 359 1576 primi
380 1496 552 1557 chartularii
569 1502 687 1571 locum,
708 1518 820 1575 magno
838 1498 969 1575 honore,
989 1519 1088 1581 neque
1100 1519 1250 1581 unquam,
1272 1513 1306 1561 ut

209 1604 230 1665 3
246 1604 288 1664 27
302 1620 333 1679 p
342 1603 406 1663 220
421 1602 442 1662 2
460 1599 571 1673 scribit,
584 1600 640 1658 ulli
654 1598 768 1673 habito,
782 1597 865 1679 quod
876 1598 1026 1659 adiutores
1038 1604 1163 1661 actuarii
1171 1601 1213 1661 ad
1222 1600 1307 1662 hunc

208 1699 337 1781 gradum
366 1711 576 1780 promoventes
607 1720 677 1759 enm
708 1702 787 1759 ultro
811 1701 967 1778 elegerunt
987 1701 1230 1784 stipendiumque
1247 1726 1307 1763 an-

209 1824 305 1863 nuum
325 1806 538 1863 constituerunt
558 1801 722 1863 solidorum
741 1803 801 1877 24,
821 1800 946 1861 adiectis
964 1799 1082 1861 duobus
1100 1804 1186 1880 aliis,
1206 1806 1306 1885 iisqne

208 1906 346 1980 senibus,
375 1906 428 1987 qui
445 1907 574 1985 pecunia
599 1906 699 1964 oblata
722 1903 807 1962 idem
828 1925 939 1963 munus
959 1894 1159 1965 obtinuerant.
1200 1904 1306 1987 idque,

209 2010 274 2069 alre
286 2009 382 2067 Zotici
394 2029 426 2088 p.
438 2028 471 2087 p.
485 2010 549 2067 sive
561 2009 638 2069 alius
652 2010 818 2087 cuiuspiam
829 2005 909 2087 Lydi
921 2010 1039 2086 patroni
1051 2011 1147 2087 gratia
1158 2009 1306 2068 tributum
1415 2063 1421 2069 ,

207 2113 238 2171 ei
258 2122 321 2187 eat,
349 2107 432 2193 quod
449 2113 598 2191 suspicor,
629 2132 684 2171 seu
705 2131 793 2185 vere,
821 2108 904 2191 quod
924 2111 990 2189 ipse
1007 2110 1073 2169 vnlt
1093 2111 1238 2188 intelligi,
1263 2111 1304 2171 ob

206 2216 331 2295 linguae
344 2216 470 2274 Latinae
482 2215 647 2293 perfectam
657 2213 830 2286 scientiam,
852 2210 890 2269 de
906 2231 967 2293 qua
977 2214 1136 2292 praecipue
1147 2214 1304 2291 gloriatur,

208 2326 240 2375 et
256 2318 378 2376 omuino
394 2317 431 2375 ob
444 2318 642 2396 multiplicem
657 2316 721 2373 eius
736 2313 919 2389 doctrinam,
939 2334 1002 2373 non
1014 2316 1113 2375 solum
1127 2312 1304 2375 honorabile

207 2418 238 2475 ei
256 2418 314 2477 fuit
335 2416 389 2478 sed
411 2420 502 2478 etiarn
516 2430 738 2500 quaestuosum.
781 2437 853 2475 nam
865 2428 984 2497 praeter
993 2418 1179 2496 personalia,
1201 2417 1304 2496 quoti·

209 2517 314 2597 diana,
336 2523 558 2602 suggestiones,
580 2540 655 2602 quas
668 2521 873 2581 conscribebat
885 2524 1007 2580 nomine
1019 2518 1207 2593 adiutomm,
1227 2536 1303 2597 ope·

208 2640 257 2681 ras
278 2633 308 2681 et
328 2626 452 2683 notariis
474 2635 505 2682 et
525 2627 557 2682 in
579 2634 693 2683 secreto
717 2623 922 2703 praefecturae
947 2621 1157 2700 exceptoribus
1175 2639 1302 2699 magnas

207 2721 292 2781 dedit
313 2724 363 2803 (v.
378 2726 456 2789 ib.3
476 2730 519 2790 27
539 2747 570 2805 p.
584 2730 648 2789 220
668 2725 741 2805 20),
763 2728 867 2805 sicque
883 2728 911 2784 si
927 2727 1028 2783 minus
1041 2723 1190 2803 publicae,
1208 2724 1301 2782 fami·

205 2825 274 2885 lieri
287 2836 366 2885 certe
382 2828 426 2885 rei
441 2825 677 2908 compendioque
689 2847 747 2905 ,suo
762 2828 896 2885 maxime
908 2828 1021 2886 serviit.

169 2930 189 2990 8
293 2932 338 2988 Ac
356 2926 500 2988 hactenus
520 2927 645 3009 quidem
663 2932 765 2988 omnia
778 2932 808 2988 ei
819 2947 861 2988 ex
874 2930 1037 2989 cententiat
1058 2943 1165 2990 verum
1183 2921 1306 2983 videtur

118 3026 147 3078 Ρ·
165 3022 196 3062 '¹
212 3027 395 3089 condicionis
413 3032 479 3089 eius
497 3033 688 3091 commutatio
705 3052 771 3091 esse
784 3032 865 3090 facta
880 3041 948 3111 poet
960 3050 990 3087 a.
1002 3029 1082 3103 518,
1102 3028 1310 3107 quartana--

208 3130 272 3190 siue
283 3132 437 3209 Augustus
450 3142 580 3190 mortem
593 3134 685 3206 obiit,
705 3134 755 3189 vel
769 3143 891 3209 propter
904 3141 1098 3208 patronorum
1109 3140 1238 3189 mortem
1250 3152 1301 3190 re-

207 3251 363 3294 oessumve
387 3252 406 3293 a
431 3254 465 3293 re
488 3235 626 3314 publica,
650 3234 701 3293 rel
719 3230 802 3313 quod
818 3229 900 3312 apud
918 3242 1054 3311 potentes
1071 3229 1211 3293 homme·
1226 3233 1301 3292 aub-

206 3333 349 3411 cffendit,
369 3338 419 3396 vel
438 3334 522 3419 quod
539 3338 595 3397 sub
616 3338 780 3397 iustiniano
799 3336 940 3394 universa
957 3335 1143 3413 praefectura
1156 3353 1301 3393 concursu

208 3438 413 3497 calamitatum
429 3441 568 3520 malaque
581 3438 770 3521 quorumdam
791 3436 1043 3495 communitione
1060 3437 1239 3495 labefactata
1253 3448 1300 3497 est

208 3548 299 3619 atque
314 3542 467 3602 conuulsa.
510 3544 552 3599 ita
569 3560 689 3600 cursum
705 3537 829 3620 quidem
841 3538 1009 3597 officiorum
1023 3548 1102 3595 recte
1113 3542 1224 3615 tenuit,
1241 3539 1298 3603 sub

206 3640 364 3719 praefectis
381 3655 474 3720 praet.
494 3641 559 3719 his,
592 3646 709 3700 Marino
729 3643 806 3721 Syro
828 3660 857 3699 a.
880 3642 962 3713 519,
989 3642 1127 3719 Appione
1149 3643 1299 3720 Aegyptio

207 3746 318 3818 a.520,
339 3744 540 3805 Dernodhene
553 3746 652 3809 a.521
674 3742 925 3825 (quemlaudatb
945 3740 988 3805 ἃ
1006 3743 1106 3820 puto
1124 3743 1173 3823 8),
1193 3741 1300 3803 Theo-

208 3842 282 3903 doro
297 3856 328 3905 et
341 3844 486 3907 Archelao
500 3868 528 3907 a.
542 3846 623 3925 524,
647 3850 735 3906 blena
750 3866 777 3904 a.
794 3848 875 3919 528,
894 3843 1016 3902 Atarbio
1031 3864 1061 3903 a.
1076 3847 1157 3919 529,
1181 3846 1298 3903 Iuliano

207 3956 238 4003 et
257 3949 368 4005 Ioanne
388 3949 562 4027 cappadoce
584 3968 614 4008 a.
636 3950 715 4025 530,
742 3946 844 4008 Pboca
864 3956 895 4005 et
915 3949 1009 4005 Basso
1029 3966 1058 4004 a.
1080 3948 1161 4020 525,
1186 3949 1298 4005 Ioanne

207 4047 384 4127 Cappadoce
407 4053 516 4108 iterum
537 4070 565 4109 a.
585 4050 666 4126 534,
695 4048 853 4111 Theodoto
873 4068 903 4107 a.
923 4048 1003 4122 att,
1033 4049 1125 4108 Petro
1145 4049 1297 4126 flamme,

207 4152 254 4210 1³1.
276 4152 371 4231 Cym,
392 4150 577 4229 Areobindo,
598 4153 751 4227 Gabriele,
772 4150 935 4227 Diomede,
956 4148 1146 4230 Hephaesta,
1170 4150 1297 4233 aliisque

205 4253 381 4334 permultis,
401 4252 483 4334 qnod
498 4257 694 4331 Iustiularrus,
715 4265 749 4314 ut
763 4256 825 4313 lere
841 4256 890 4329 sa,
911 4251 1060 4313 erbe-aeto
1071 4252 1185 4312 aerario
1199 4274 1297 4313 rent*

206 4358 308 4436 diurn,
329 4356 411 4442 quod
424 4358 457 4415 in
469 4354 671 4418 moderatione
686 4366 749 4417 erat
764 4377 800 4417 ac
817 4357 1018 4437 parsimonia,
1037 4356 1070 4414 in
1087 4355 1189 4415 crebra
1201 4376 1317 4439 quae-·
