3125 4959
229 391 300 468 184
624 391 794 461 loturus
818 390 919 460 LYDl

330 564 385 636 19·
430 562 513 634 Ἀλλ’
539 563 613 642 lirare
634 572 695 633 τῶν
715 562 968 652 ἀναγνωσομένων
980 560 1011 628 ol
1025 557 1242 647 νοονεχέστεροι
1255 554 1311 626 oda

223 665 283 747 έξω
294 665 383 754 λόγον
397 671 659 756 καταδραμοῦνται
677 665 825 757 φήσαντες
840 665 895 734 “sl
906 663 945 751 δή
961 690 1032 730 ποτε
1048 665 1115 749 περὶ
1131 670 1191 730 τῶν
1206 658 1310 746 έπισή-

223 797 290 854 μων
304 777 358 855 τῆς
371 772 466 860 ἀρχῆς
480 769 683 855 ἀποσχόμενος
696 776 796 851 εἰπεῖν,
818 770 863 854 μή
877 771 927 835 καί
939 769 1090 852 βηξίλλων
1102 768 1152 831 καλ
1168 766 1311 831 πελέκεων

223 875 274 939 καὶ
286 873 446 956 κλημάτων
457 872 696 958 έμεημόνεοσαςς
715 882 813 940 ταῦτα
824 873 884 960 γάρ
896 864 934 955 ήν
946 877 991 959 τῷ
1003 866 1143 957 ἱππάρχῳ
1159 869 1194 933 τό
1207 866 1310 946 πάλαι,

223 975 292 1041 ἀντ’
310 978 419 1042 έκείνοο
437 977 471 1041 di
483 971 922 1065 τοόνπραιτωρίωνόπαρχονὸ
939 979 1059 1062 πρῶτος
1079 977 1139 1036 τῶν
1158 969 1333 1054 βασιλέωνά

220 1076 290 1161 ήτοι
306 1077 473 1167 Καισάρων
488 1077 741 1168 ίχειροτόνησεν.”
792 1071 831 1164 ἦν
847 1079 903 1160 μέν
922 1067 994 1156 oda,
1022 1076 1119 1161 φημί,
1148 1075 1200 1138 καλ
1215 1078 1312 1138 ταῦτα

221 1184 415 1266 γνωρίσματα
433 1189 493 1246 τῶν
513 1185 703 1271 πραιτωρίων
722 1170 867 1269 όπάρχων
884 1179 961 1265 ἀχρι,
971 1178 1172 1273 Δομετιανοῦ.
1222 1173 1312 1250 αάτός

221 1284 256 1348 δέ
272 1286 411 1350 Φοῦσκον
427 1283 560 1366 τοόνομα
574 1293 628 1368 τῆς
646 1286 742 1371 ἀρχῆς
753 1279 999 1369 προστησάμενος
1012 1278 1099 1364 ίγγός
1110 1276 1182 1362 ὅλην
1195 1277 1250 1360 τήν
1259 1281 1313 1356 τῆς
1359 1353 1363 1360 ¹

222 1384 388 1470 ἱππαρχίας
407 1386 528 1469 μνήμην
551 1384 717 1469 ἀπήλειψε,
747 1385 791 1467 μή
801 1387 947 1462 πέλεκυν,
971 1382 1015 1466 μή
1030 1378 1160 1465 βήξιλλα
1178 1378 1257 1462 μηδέ
1272 1376 1312 1444 τά

222 1483 366 1572 λεγόμενα
380 1485 519 1569 κλήματα
535 1484 715 1552 καταλιπόν.
748 1485 783 1552 τό
800 1485 859 1570 γάρ
875 1488 921 1550 tul
935 1489 992 1550 τοῦ
1005 1480 1154 1567 παρόντος
1166 1489 1210 1568 τῷ
1224 1481 1310 1566 πρίγ-
1319 1495 1353 1550 10

220 1611 284 1651 κιπι
300 1593 401 1671 κλῆμα
415 1584 580 1674 φερόμενον
593 1589 681 1652 oridia
697 1589 797 1674 έτιρον
817 1585 901 1673 παρά
915 1585 969 1669 τήν
982 1584 1186 1672 προσηγορίαν
1199 1579 1311 1646 διωσά-

108 1745 113 1754 .
220 1690 262 1768 ζει
273 1695 329 1773 τῆς
343 1689 550 1776 ἀρχαιότητος.
579 1687 672 1754 πάλαι
685 1688 761 1776 γάρ,
781 1691 833 1753 καὶ
848 1695 901 1754 νῦν
912 1689 947 1754 δέ
961 1687 1045 1772 παρά
1060 1695 1124 1762 τοῖς
1138 1692 1197 1749 τῶν
1210 1683 1312 1748 ὅπλων

220 1788 441 1878 στρατεύμασιν
457 1791 629 1878 ἐπιφέρεται
650 1788 667 1858 ό
692 1797 752 1857 τῶν
771 1791 937 1876 λεγομένων
956 1787 1093 1875 βιάρχων
1117 1793 1236 1874 πρῶτος
1254 1784 1311 1873 ῥά-

219 1895 297 1974 βδον
308 1890 438 1976 κλήματι
452 1896 483 1971 έξ
492 1891 626 1982 ἀργόρου
639 1893 827 1981 πεποιημένην
838 1891 1117 1979 περιπεπλεγμένην,
1136 1889 1212 1976 πρός
1222 1893 1311 1971 τιμῆς

218 2001 275 2060 ‘coxi
287 1997 359 2060 ποτέ
370 1997 550 2078 τιμηθέντος
559 1994 723 2076 Λιονόσον,
739 1993 780 2073 ὡς
794 1997 826 2059 έν
837 2005 901 2070 τοῖς
914 1997 981 2082 περὶ
993 1998 1098 2078 μηνῶν
1110 1989 1310 2078 ἀποχρώντως
1318 2005 1351 2060 15

217 2092 291 2180 ἡμῖν
299 2095 465 2180 ἀνήνεκται.
485 2101 609 2164 πέλεκυν
617 2099 650 2164 δέ
654 2097 739 2188 μόνῳ
747 2105 790 2186 τῷ
797 2094 958 2186 ὕπάτῳκαά
965 2092 1310 2179 ταΐςόπατικαΐςάρχαῖς

217 2205 279 2263 τῶν
291 2200 440 2285 ἐπαρχιῶν
452 2203 663 2267 καταλέλοιπεν
679 2200 695 2267 ὁ
704 2198 817 2289 χρόνος
828 2202 1015 2286 ίναλλωγείς,
1036 2200 1108 2275 ἴσως
1120 2194 1311 2285 ίρνάριάοας

218 2303 270 2365 καί
282 2299 390 2367 τοότον
403 2311 458 2367 τοῦ
470 2307 676 2391 γνωρίσματος
690 2305 744 2387 τὴν
756 2303 873 2368 ὕπατον
881 2304 1051 2391 ἀφελέσθαι
1061 2298 1160 2384 τιμήν.
1178 2297 1310 2383 βήξιλλα

216 2403 277 2491 γάρ
299 2403 392 2480 αὐτὸς
410 2403 504 2487 μόνος
524 2404 540 2472 ό
557 2409 679 2494 Καίσαρ
702 2407 779 2489 έχειν
801 2406 836 2472 τό
859 2407 966 2476 λοιπόν
982 2405 1171 2492 γνωρίζεται·
1196 2404 1262 2467 τίνα
1277 2401 1310 2464 δέ

216 2513 323 2585 ταῦτα,
349 2510 381 2572 έν
398 2514 441 2596 τῷ
457 2512 522 2594 περὶ
539 2517 643 2593 μηνῶν
658 2512 856 2592 ἐπεδείξαμεν.
908 2506 1066 2585 κενόδοξος
1077 2506 1136 2590 γὰρ
1152 2503 1195 2567 ὢν
1212 2501 1228 2567 ό
1243 2502 1352 2568 Δία-20
1388 2563 1391 2568 .

216 2609 357 2691 μετιανίις
370 2621 434 2687 τοῖς
448 2622 656 2699 νεωτερισμοῖς
671 2612 802 2698 ἔχαιρεν·
829 2610 906 2676 tuno
922 2612 956 2675 δέ
971 2607 1118 2696 τυράννου
1135 2605 1309 2692 ἀνατρέπειν

216 2711 255 2774 τὰ
269 2709 362 2775 πάλαι
373 2713 594 2796 καθεστηκότα.
620 2714 695 2779 ὅθεν
708 2714 743 2780 οὗ
757 2709 851 2796 μόνον
867 2711 926 2796 τήν
938 2709 1129 2800 ίπαρχότητα
1142 2714 1203 2774 τῶν
1217 2734 1308 2794 πριιι-

282 2871 302 2924 2
319 2869 356 2936 dn'
369 2872 402 2938 F,
421 2870 453 2925 δέ
464 2872 553 2941 vulgo.
624 2874 710 2959 ὃγῆν
724 2873 755 2940 C,
767 2880 803 2949 ut
815 2872 950 2960 saapinsy
963 2890 1011 2942 pro
1025 2891 1052 2925 τ.
1069 2872 1105 2923 F.
1176 2871 1207 2921 ll
1226 2863 1310 2951 pridi-

283 2941 489 3076 ἷξορχίγγήχρεχ
505 2943 790 3079 Ργένητρρριγῆτρῖὸλ,
808 2959 866 3011 παρ
898 2946 1000 3004 αυτοῖς
1014 2941 1048 2993 C.
1080 3036 1083 3041 Ι
1119 2938 1152 2992 16
1168 2938 1260 2991 zelant
1276 2937 1309 2989 c.

282 3143 327 3208 19.
346 3144 502 3198 Atlortasse
511 3144 693 3214 prudentiores
703 3145 1176 3211 lectorumbaudabsnrdeoceurrent,
1191 3143 1309 3198 dieentes

214 3205 294 3280 “quid
308 3213 421 3277 tandem,
439 3215 472 3266 de
488 3213 634 3281 insignibus
647 3214 814 3282 magistratus
829 3215 918 3268 dicero
931 3213 1070 3284 pollicitus,
1090 3233 1141 3267 non
1155 3223 1183 3266 et
1199 3211 1309 3264 vexillo-

214 3295 270 3332 rum
288 3287 317 3331 at
332 3282 462 3336 securium
482 3291 511 3334 et
531 3284 663 3352 palmitum
683 3285 840 3336 mentionem
861 3283 972 3337 fecisti?
1007 3284 1072 3335 haec
1093 3282 1162 3335 enixu
1186 3281 1310 3348 iringi-nro

213 3348 329 3416 equitum
352 3349 410 3401 olim
429 3351 521 3417 tinore,
542 3369 593 3432 pro
611 3368 662 3419 quo
679 3354 840 3420 praetectum
860 3351 994 3422 praetorio
1010 3350 1108 3421 prixnus
1126 3351 1308 3419 imperatorum

212 3416 271 3470 sive
296 3417 436 3472 Caesarum
461 3415 589 3472 creavit.’'
624 3421 699 3472 suere
722 3421 819 3490 igitur,
840 3419 963 3490 inquam,
986 3428 1015 3472 et
1034 3420 1099 3472 haec
1116 3419 1309 3490 praefectorum

211 3487 346 3555 praetorio
362 3487 475 3554 insignia
491 3489 524 3540 ad
538 3487 712 3541 Domitianum
726 3507 823 3558 usquo:
842 3489 865 3541 ia
880 3497 966 3541 autem
982 3506 1039 3541 oum
1054 3489 1168 3542 Fuscum
1182 3487 1309 3554 quendam

211 3556 394 3622 praefecturae
408 3558 618 3626 praeposuisset,
642 3565 722 3609 totam
740 3559 797 3610 sere
814 3557 932 3627 magistri
949 3557 1063 3626 equitum
1080 3554 1195 3609 muneris
1213 3573 1309 3607 irremo-

212 3621 278 3674 riam
295 3623 435 3691 exstinxit,
461 3643 512 3677 non
531 3627 658 3693 sectarim,
685 3644 735 3678 non
750 3626 859 3691 vexilla,
882 3644 967 3679 neone
983 3625 1104 3696 palmites
1121 3641 1187 3694 quos
1204 3630 1308 3690 vocarit,

213 3689 373 3758 relinquens.
392 3711 449 3756 nam
469 3695 515 3761 qni
530 3694 608 3748 hodia
623 3712 639 3746 a
652 3694 736 3763 prinei
758 3714 772 3747 e
789 3696 873 3748 iertru
889 3712 923 3777 pa
958 3713 996 3761 aa,
1013 3693 1078 3747 nibil
1093 3702 1201 3764 praeter
1216 3709 1308 3745 nomen

213 3760 247 3812 do
261 3760 416 3828 arntiqnitate
434 3771 534 3815 servat.
569 3764 667 3832 quippe
685 3772 714 3815 ut
729 3713 798 3829 oiim,
815 3765 853 3817 ita
866 3772 1003 3817 etramnum
1017 3764 1087 3833 apud
1103 3768 1227 3815 armatam
1241 3760 1306 3812 mili-

212 3828 277 3881 tiam
294 3831 390 3895 primus
408 3831 581 3898 biarchorum,
599 3849 664 3900 quos
679 3840 789 3900 vocant,
807 3833 908 3900 virgam
921 3832 1027 3901 palmite
1040 3850 1074 3885 ex
1091 3847 1155 3885 auro
1170 3831 1239 3881 laeto
1255 3829 1308 3882 cir-

212 3897 391 3966 cumplicatam
408 3910 509 3967 gestat,
535 3900 563 3952 in
586 3901 709 3954 botrorum
733 3902 861 3970 quondam
882 3901 945 3954 culti
960 3900 1071 3968 Bacchi,
1096 3899 1307 3968 quemadmodum

213 3965 241 4018 in
260 3985 340 4036 opere
357 3969 390 4019 de
410 3969 540 4022 mensibus
556 3969 718 4022 sufficienter
734 3969 910 4038 exposuimus.
945 3969 1057 4023 securim
1074 3977 1161 4021 autem
1177 3965 1226 4019 soli
1243 3985 1305 4019 con·

212 4035 264 4087 suli
288 4046 315 4087 et
337 4037 515 4090 consularibus
538 4038 731 4107 provinciarum
753 4038 948 4107 nragistratibus
969 4046 1067 4091 minuta
1092 4045 1165 4089 aetas
1192 4035 1307 4104 reliquit,

212 4104 369 4158 erubescens
384 4107 453 4158 fliete
467 4115 494 4159 et
510 4108 559 4159 hoo
575 4106 733 4160 consulatum
751 4115 902 4160 attramento
916 4106 1041 4190 spoliare.
1066 4123 1125 4158 uam
1138 4103 1233 4157 vexilla
1247 4102 1305 4173 qui-

211 4173 271 4225 dam
285 4189 352 4226 nunc
368 4173 447 4226 solius
461 4174 626 4245 inperatoris
640 4174 769 4245 insignia,
788 4194 855 4245 quae
871 4175 958 4245 qualia
972 4176 1036 4240 sint,
1052 4174 1080 4226 in
1094 4191 1174 4242 opere
1186 4174 1220 4226 de
1233 4190 1305 4225 nien-

210 4240 284 4293 sibus
303 4243 472 4302 ostendimus.
498 4245 596 4314 qnippe
614 4245 640 4297 in
655 4244 775 4298 inanibus
789 4245 898 4313 gloriam
911 4261 1041 4313 quaerens
1055 4242 1217 4295 Domitianus
1230 4241 1306 4294 inno-

211 4308 361 4362 vationibus
372 4313 517 4379 gaudebat:
536 4313 669 4382 proprium
680 4321 766 4367 auum
784 4323 897 4381 tyranno
915 4312 1025 4380 antiqua
1040 4310 1160 4364 instituta
1176 4319 1308 4363 evertere.

28 4394 46 4403 ··
62 4375 64 4380 '
103 4425 105 4429 .
210 4375 299 4448 itaqua
316 4396 369 4433 non
384 4382 460 4434 modo
477 4382 510 4435 de
525 4383 707 4452 praefecturae
719 4383 848 4454 praetorii
862 4388 953 4437 natoue
965 4382 1064 4435 honore
1077 4378 1201 4450 detraxit,
1218 4394 1308 4432 verunt
