3125 4959
430 393 489 460 DE
511 389 846 461 nnulsmrmus
864 391 902 458 P.
921 389 963 458 lt
986 387 1066 456 Llll.¹
1086 390 1143 458 111.
1253 388 1329 459 223

231 569 284 634 κἀἐ
296 572 351 652 τῆς
366 562 427 632 ἀπδ
440 569 503 630 τών
516 559 709 652 κρατούντων
721 565 845 643 αι’δοῦς,
875 565 926 630 καί
943 562 978 628 td
994 561 1034 648 δὴ
1049 560 1170 630 πάντων
1183 559 1328 649 γλυκάτε-

232 696 297 759 ρον,
317 674 349 736 ἐν
363 669 460 734 ἀνίσει
475 667 527 734 τδν
539 670 610 748 βίον
625 668 832 756 παρέδραμον.
859 664 880 751 ἦ
896 669 931 733 δι’
945 663 1103 753 πάνσοφος
1117 669 1183 749 δίκη
1200 667 1329 744 δικαίοις

230 800 270 859 με
282 772 544 859 παραμυθουμένη
557 767 680 858 τρόποις
693 781 757 848 τοῖς
768 771 824 854 μέν
835 767 1051 857 στρατιώταις,
1071 765 1115 845 ὡς
1128 767 1205 857 ίφην
1212 817 1222 849 ,
1243 769 1327 835 attt-

182 952 189 965 ἱ
229 902 322 960 σιμον
343 875 453 953 ἔδειξε,
481 885 546 951 τοῖς
565 875 601 939 δὲ
619 873 764 962 ἀρχουσιν
786 871 843 946 oda
868 871 996 951 ἀπάξων
1018 878 1118 955 τιμῆς·
1167 868 1327 937 καὶτοῦτο

205 981 325 1062 banton
339 979 373 1042 ἐκ
388 983 442 1061 τῆς
458 973 670 1063 προελθούσης
685 976 736 1042 ἐπ’
752 966 820 1060 ἐμοὶ
835 973 964 1065 ψήφου,
989 974 1038 1041 ὅτε
1053 975 1109 1059 τὴν
1126 971 1222 1060 ζώνην
1236 973 1327 1062 ἀφείς

229 1082 277 1146 ἐπὶ
291 1078 347 1162 τὴν
361 1081 457 1164 αάλὴν
470 1077 615 1167 ἐχώρουν.
664 1080 858 1168 πρῶτονμὲν
876 1078 936 1168 γάρ
960 1075 1118 1161 ἀναβάντα
1136 1103 1176 1161 με
1198 1079 1246 1142 ἐπί
1271 1083 1328 1142 τοά

225 1179 366 1266 βήματος
379 1190 435 1267 τῆς
446 1180 668 1272 ἐπαρχδτητος,
692 1183 772 1248 κατὰ
794 1191 884 1250 τοῦτο
907 1182 947 1267 δὴ
968 1182 1003 1248 td
1024 1177 1172 1265 σδνηθες,
1204 1181 1327 1277 εάχαρι-

225 1293 336 1370 στῆσαι
351 1293 396 1374 τῷ
407 1288 554 1374 κρείττονι
569 1289 620 1352 καί
635 1286 691 1371 τὴν
704 1287 803 1372 ἀρχὴν
818 1283 1025 1364 ἀπώσασθαι,
1049 1282 1182 1368 τιμήσας
1193 1280 1212 1349 δ
1224 1282 1326 1370 δπαρ-

221 1413 281 1472 χος
294 1387 484 1477 (Ἥφαιστος
497 1391 531 1456 δέ
547 1380 585 1473 ἦν
599 1387 616 1455 δ
628 1387 780 1476 χρηστός,
805 1388 883 1477 ἀνὴρ
906 1387 1027 1475 ἀγσθδς
1040 1391 1092 1453 καλ
1115 1388 1149 1453 ἐν
1160 1384 1257 1471 μάνης
1271 1391 1327 1469 τῆς

186 1494 431 1580 λοπροοηγορίας
446 1493 502 1577 την
524 1483 619 1558 οὖσαν
640 1492 789 1579 εάγίνειιιν
811 1492 897 1581 αὐτῷ
919 1489 1050 1569 δεικνάς·
1073 1487 1249 1578 Ἡφαίστου
1264 1488 1324 1575 γάρ

225 1601 282 1661 τοῦ
301 1594 424 1682 πρώτον
444 1593 684 1678 βασιλεύσαντος
697 1593 859 1682 Αέγάπτου
877 1595 957 1662 κατὰ
975 1594 1029 1660 τὸν
1039 1590 1223 1678 Σικελιώτην
1245 1589 1324 1658 ἀπδ-
1390 1646 1392 1650 .

112 1701 113 1704 ’
212 1721 312 1784 ’γονος
327 1696 402 1764 εἶναι
418 1699 625 1787 διεφημίζετο)
647 1701 783 1788 ἐγερθεὶς
803 1695 1018 1783 ἀντησπάσατά
1039 1723 1078 1780 με
1095 1703 1233 1778 λιπαρῶς
1239 1743 1250 1774 ,
1273 1695 1326 1760 καὶ

223 1803 397 1887 περιβαλών
417 1802 526 1869 αὐτίκα
545 1803 602 1886 μὲν
622 1801 659 1868 τδ
679 1800 863 1889 πρόσταγμα
878 1808 941 1868 τῶν
958 1801 1101 1866 ἀννοινών
1112 1802 1217 1888 χερσίν
1230 1798 1324 1875 ἐδίαις

223 1903 398 1969 ἐπιδίδωσιν
414 1903 619 1991 εὐχαριστῶν,
645 1905 724 1987 μετά
738 1905 774 1969 δέ
786 1907 916 1991 μυρίους
930 1906 1071 1980 ἐπαίνους
1084 1901 1184 1987 πάσης
1198 1908 1253 1988 τῆς
1266 1898 1323 1965 τά·

180 2009 297 2084 16ξεως
319 2002 478 2093 παροάσης
496 2011 613 2093 ψῆφον.
626 2005 738 2091 ἀνέγνεο
756 2005 888 2088 ἐχουοαν
910 1997 980 2071 dte.
1035 2002 1205 2088 “Ἰεοάννης
1226 2004 1282 2084 μέν
1304 1999 1322 2068 ὅ

220 2105 405 2194 λογιώτατος
425 2106 546 2197 (τούτῳ
564 2107 624 2194 γάρ
642 2111 745 2195 χαίρει
765 2115 811 2197 τῷ
826 2104 1021 2195 προσρήματι
1040 2106 1193 2191 μάλλονῆ
1210 2116 1275 2183 τοῖς
1287 2106 1323 2171 ἐκ
1393 2097 1396 2100 ’

219 2217 281 2274 τῶν
303 2207 504 2294 ὑπαρξάντων
523 2211 609 2299 αὐτῷ
631 2217 727 2298 γερῶν
750 2209 1000 2297 προσγενομίνοις
1018 2210 1245 2296 γνωρίσμασιν)
1261 2207 1321 2294 ἤδη

220 2307 350 2397 φθάσας
370 2320 435 2386 τοῖς
456 2308 598 2374 ἀπάντων
623 2309 731 2376 ἐαυτὸν
753 2317 925 2386 καλλίπαις
947 2311 1091 2399 (παιδειήι
1107 2337 1138 2374 τε
1155 2314 1206 2374 καὶ
1219 2307 1320 2393 λόγοις

219 2413 344 2499 φαμὲν),
355 2417 488 2477 τοιοῦτον
504 2411 657 2487 ἀπέδειξεν
670 2407 713 2487 ὥς
725 2411 781 2476 οάκ
794 2411 888 2500 αὐτὸν
901 2409 1120 2493 θαυμάζεσθαι
1130 2408 1224 2493 μάγον
1237 2409 1318 2474 ἀλλὰ

175 2518 269 2584 ὶδκαί
284 2516 416 2591 πολλοῦς
429 2511 559 2599 ἱτίρους,
579 2514 614 2598 οἳ
624 2513 664 2597 δὴ
676 2521 731 2598 τῆς
744 2513 841 2580 αὐτοῦ
854 2515 1052 2590 διδασκαλίας
1061 2511 1152 2600 -ἐργον
1168 2510 1317 2599 γεγόνασι.

214 2620 326 2706 μικρὸν
341 2619 391 2697 dt,
418 2614 460 2693 ἀς
473 2616 585 2696 ἔοικεν,
611 2613 686 2682 εἶναι
701 2615 865 2700 νενομικώς
879 2619 906 2682 εί
923 2615 1030 2699 μόνοις
1042 2626 1266 2708 κοσμοῖτοτοῖς
1281 2616 1316 2682 ἐκ

215 2721 315 2808 λόγων
330 2717 545 2803 ἐπιτηδεύμασι
560 2721 712 2805 (καίτοιγε
726 2723 758 2786 τί
771 2719 810 2786 ἀν
824 2746 870 2799 τις
886 2718 1001 2788 τοάτιον
1016 2715 1163 2804 ἡγήσαιτο
1175 2722 1314 2804 μεῖζονς)

282 2952 300 3005 8
317 2944 334 3003 δ
355 2957 416 3003 ante
432 2941 559 3017 ὕπαρχος
574 2948 654 3022 volgo
670 2966 722 3004 om.
845 2949 878 3006 13
893 2949 1026 3006 reoentior
1040 2966 1130 3007 menna
1146 2945 1313 3022 περιβαλών,

283 3019 358 3092 prior
371 3018 540 3090 περιλαβών.
648 3021 682 3076 16
696 3014 856 3090 uouentem
867 3020 902 3076 0.

213 3221 339 3290 contigit,
357 3228 385 3276 et
400 3225 591 3297 eprineipibue
605 3225 772 3295 reverentia,
791 3232 820 3280 et
833 3228 904 3298 qnod
918 3245 983 3283 aene
997 3227 1110 3281 omnium
1125 3225 1309 3291 dulcissimam,

211 3291 376 3360 tranquillam
401 3312 448 3362 per
470 3296 550 3351 vitain
576 3296 690 3350 cucurri.
723 3295 917 3366 sapientissima
935 3316 1000 3351 vero
1018 3297 1132 3363 inentia,
1162 3296 1239 3348 iuetia
1266 3311 1308 3345 me

212 3362 349 3416 eoiuolena
367 3363 459 3430 modis,
476 3365 613 3432 militibus,
632 3375 661 3418 ut
674 3365 739 3431 dixi,
757 3367 935 3420 venerabilem
950 3385 992 3419 me
1005 3366 1128 3436 praebuit
1140 3372 1168 3417 et
1182 3361 1310 3432 principi-

211 3433 261 3485 bus
280 3448 332 3484 non
350 3429 482 3500 indiguum
501 3435 613 3498 honore;
635 3435 663 3488 id
686 3435 756 3504 quod
782 3446 858 3504 patet
880 3454 895 3488 e
918 3437 1025 3489 decreto
1041 3452 1122 3504 anper
1139 3449 1180 3483 me
1198 3430 1309 3502 prolato,

211 3518 278 3568 eum,
294 3499 381 3570 posito
395 3501 508 3570 cingulo,
523 3504 551 3557 in
565 3503 649 3558 aulam
663 3505 844 3557 concederem.
879 3522 939 3558 nam
955 3523 1012 3558 oum
1027 3504 1056 3556 in
1071 3499 1186 3555 tribunal
1201 3502 1309 3568 praele-

211 3579 302 3623 cturae
319 3570 528 3638 adscendentem,
545 3573 619 3626 iuxta
632 3573 845 3626 cousuetudinem
862 3572 931 3626 illam
947 3574 1072 3626 videlicet
1088 3569 1187 3637 gratias
1207 3569 1307 3638 potiori

210 3647 316 3692 aeturus
333 3639 562 3708 magistratumque
582 3643 725 3714 positurus,
743 3641 854 3711 primum
867 3644 998 3696 bonorana
1012 3657 1052 3692 me
1070 3639 1220 3709 praefectus
1236 3642 1309 3706 (erat

209 3716 296 3761 autam
311 3707 423 3776 optimus
437 3707 482 3760 ille
497 3709 674 3779 Hephaeatua,
691 3711 733 3762 vir
746 3712 846 3779 bonna,
865 3712 922 3765 aolo
936 3709 1039 3764 nomine
1053 3707 1215 3761 nobilitatem
1232 3726 1306 3762 eoam
1411 3727 1415 3734 ·

208 3778 364 3830 ostendens:
381 3778 414 3830 ab
427 3777 581 3846 Hephueeto
593 3781 671 3849 enim,
689 3779 773 3848 primo
788 3782 979 3852 Aegyptiorum
994 3795 1057 3847 rege
1072 3779 1212 3832 seeundum
1227 3777 1305 3830 Sien-

206 3843 269 3913 lum,
285 3863 368 3914 genus
378 3848 481 3899 ducere
496 3848 648 3918 ferebatur)
663 3850 794 3917 surrexit,
812 3866 905 3918 neque
918 3847 1037 3901 suaviter
1049 3847 1214 3909 resalutaviu
1232 3864 1305 3899 eutu-

208 3932 260 3984 que
276 3914 407 3980 osculatus
422 3925 508 3981 aaaet,
534 3918 621 3970 atatim
643 3917 748 3988 quidem
769 3921 917 3972 mandatnm
939 3933 1098 3970 annonarum
1114 3917 1170 3968 onia
1186 3915 1306 3968 manibus

207 3984 290 4050 dedit,
306 3984 406 4052 gratiae
425 4002 522 4107 προτευς
559 3996 601 4038 oet
617 3988 765 4042 innumerae
784 4005 849 4041 uero
865 3985 965 4053 laudea,
981 3996 1038 4040 toto
1052 3994 1192 4056 praesente
1205 3985 1305 4051 officio,

207 4053 340 4106 decretum
357 4052 422 4122 legit
458 4073 499 4108 oe.
532 4049 662 4111 ‘Ioannes
679 4058 845 4112 doctissimus
864 4055 926 4121 (bae
939 4055 1008 4109 enim
1024 4055 1200 4127 appellatione
1215 4053 1304 4123 potina

206 4137 284 4190 quam
305 4125 463 4177 ornamentis
488 4141 504 4177 a
528 4123 628 4178 collatis
652 4127 680 4179 in
701 4129 787 4196 ipaum
810 4125 959 4179 muneribus
974 4127 1138 4191 deleotatur)
1156 4123 1207 4176 iem
1223 4132 1302 4174 antea

206 4190 319 4245 omnium
334 4209 421 4248 rerum
435 4193 624 4264 pulcherrimis,
640 4196 751 4249 scientie
763 4194 900 4262 literisque
912 4194 1056 4265 inquimus,
1082 4194 1162 4248 talem
1177 4212 1207 4245 ae
1224 4190 1299 4244 exhi-

204 4260 264 4312 buit
281 4271 377 4315 utnon
393 4262 567 4333 ipaetantum
583 4263 748 4319 admirationi
766 4271 850 4330 eaaet,
875 4281 965 4317 verum
980 4265 1053 4317 multi
1071 4265 1149 4318 etiam
1166 4262 1224 4325 elii,
1243 4259 1301 4313 eina

203 4327 329 4383 videlicet
342 4349 423 4400 opera
435 4333 560 4387 instituti.
593 4350 703 4402 parvum
719 4341 815 4402 autem,
833 4340 862 4386 ut
874 4332 988 4402 videtur,
1004 4344 1087 4400 ratne,
1104 4334 1128 4386 si
1143 4331 1207 4385 eolis
1221 4347 1300 4383 orna-

202 4406 277 4453 retur
291 4397 426 4466 llterarnm
439 4402 534 4458 etudiia
553 4402 648 4474 (atqu
667 4403 732 4476 qnid
752 4402 795 4458 bia
814 4401 897 4460 maine
911 4401 1252 4476 quinamentorum,
1272 4409 1300 4454 et
