3125 4959
233 452 292 503 xiv
526 426 638 505 lllSll
661 427 719 497 DE
742 424 900 497 IomttE
923 423 1043 496 temo

234 632 370 695 Africum
393 628 530 693 Siciliam
551 629 644 691 armis
663 628 847 703 obtinerent,
871 625 1062 709 reliquasque
1078 627 1185 710 populi
1201 627 1330 688 Romani

235 736 404 818 provincius
417 734 585 794 incursibus
596 734 682 793 factis
694 732 896 791 exinanirent.
937 747 1029 809 quem
1039 732 1250 809 gravissimum
1257 732 1331 791 lite-

236 841 337 919 risque
359 837 468 899 nostris
486 855 580 918 prope
599 835 723 895 fatalem
742 850 847 893 casum
868 831 980 890 summi
999 828 1139 893 homines
1159 830 1332 915 iudicioque

235 938 447 1014 eruditissimi,
476 935 631 1014 lllieislse,
661 934 827 997 l'lerulrle
854 934 984 1015 aliique,
1015 936 1172 995 celilarum
1196 935 1333 995 sultano-

235 1052 363 1123 rumque
388 1040 567 1100 liberalitate
590 1057 626 1098 ac
647 1036 843 1098 beneficentia
870 1034 1092 1117 quodammodo
1105 1037 1247 1097 'levatum
1267 1056 1333 1097 esse

234 1146 351 1225 opinati
373 1150 457 1216 sunt,
480 1138 573 1223 idque
595 1142 714 1221 scriptis
732 1137 821 1199 editis
839 1148 1060 1218 exposueruutz
1081 1138 1133 1197 De
1141 1138 1333 1219 principibus

234 1230 548 1325 numenque·
568 1253 625 1303 aut
644 1240 686 1301 ab
709 1240 873 1301 mmmm
892 1238 1232 1301 mmmmm
1249 1242 1334 1300 eeu

235 1360 397 1409 terutcmm
420 1346 606 1415 claruerunt,
627 1344 754 1422 Lapsae
773 1341 865 1419 1747,
893 1339 925 1406 4.
967 1344 1019 1403 De
1035 1342 1130 1403 mut
1147 1343 1334 1404 Graecarum

110 1466 139 1520 p.
156 1464 220 1505 xvrr
237 1450 395 1509 literarum
415 1447 503 1527 apud
519 1445 643 1509 Arabes
665 1446 759 1504 r'uits’ie
773 1455 804 1504 et
815 1442 993 1507 mabuibrm
1035 1446 1206 1506 &manent
1224 1446 1335 1506 Societ.

225 1553 350 1629 ‚Scient
370 1568 434 1631 reg.
455 1550 643 1630 Gottingens.
656 1548 754 1613 vol2
772 1566 805 1628 p·
816 1550 891 1613 216.
932 1566 1038 1608 verum
1060 1558 1096 1609 ut
1115 1543 1179 1609 iarn
1199 1550 1335 1609 maxime

234 1654 370 1714 fueritin
381 1647 562 1734 quibusdam
573 1645 863 1709 lllolramedanorum
874 1651 996 1731 regibus
1006 1651 1187 1732 benignitas,
1199 1653 1335 1713 maxima

235 1774 336 1815 rerum
358 1764 481 1814 suarum
500 1754 641 1829 scientia,
662 1754 747 1814 sicut.
758 1753 835 1829 fuit,
850 1762 954 1814 tamen
975 1752 1077 1815 undis
1094 1766 1124 1815 et
1139 1764 1234 1829 ertes,
1255 1773 1335 1836 quae

234 1865 321 1916 erent
344 1857 466 1916 Graecis
487 1857 691 1917 monumentis
714 1852 941 1939 disciplinisque
961 1864 1024 1917 tota
1040 1858 1114 1917 Asia
1132 1857 1195 1917 iam
1208 1858 1246 1917 ab
1259 1859 1335 1918 Ale·

234 1955 347 2020 xandri
359 1961 402 2019 M.
417 1959 603 2040 temporibus
616 1956 726 2018 tradita
740 1976 776 2018 ec
791 1969 981 2035 conservate,
1000 1960 1168 2019 ammeio
1183 1961 1270 2019 noris
1284 1979 1335 2018 re-
1399 1957 1402 1963 ’

235 2060 399 2139 ligionibus
419 2060 527 2122 studiis
542 2062 676 2121 moribus
694 2056 825 2121 inductis
845 2062 976 2140 graviter
993 2070 1063 2122 suut
1078 2060 1203 2137 affectu
1225 2061 1335 2143 quibus

235 2162 333 2221 semel
355 2162 483 2224 sublatis
502 2173 534 2224 et
552 2164 681 2223 Arabica
700 2164 805 2243 lingua
826 2160 926 2224 indies
945 2164 1036 2225 latius
1053 2161 1157 2241 fundi,
1178 2171 1209 2224 et
1220 2165 1336 2226 Graece

234 2267 369 2346 primum
385 2284 427 2325 ex
440 2267 633 2347 optimatum,
653 2274 722 2346 post
735 2265 828 2323 etiam
839 2265 961 2324 omnino
975 2286 1016 2325 ex
1031 2264 1336 2329 usn'consuetudine·

235 2386 297 2449 qus
312 2363 472 2428 hominum
487 2388 663 2430 evanescere
679 2368 772 2450 inque
785 2385 882 2448 peuce
895 2368 1083 2430 Palaestinae
1094 2367 1261 2430 Phoenices
1274 2369 1337 2448 Sy·

236 2472 302 2529 riae
319 2473 496 2533 interamnis
514 2472 696 2534 monasteria
711 2470 864 2550 compingi
876 2473 985 2552 coepit.
1027 2470 1061 2529 lit
1073 2473 1157 2530 euim
1167 2468 1226 2530 lroc
1238 2471 1273 2530 iu
1286 2471 1336 2530 tie

236 2575 292 2633 ctis
312 2575 497 2650 nationibus,
517 2585 552 2635 ut
571 2572 611 2635 ad
629 2572 816 2634 vincentium
832 2590 1004 2630 sermonem
1020 2571 1164 2631 libentius
1182 2592 1216 2633 ss
1235 2572 1337 2653 appli-

236 2684 320 2750 cent,
341 2696 398 2736 neo
416 2677 514 2756 magis
535 2678 567 2735 in
588 2678 692 2753 lingna
713 2691 806 2754 quam
818 2671 851 2729 in
866 2672 1003 2733 libertate
1016 2675 1114 2754 patrie
1127 2671 1239 2734 tuenda
1253 2694 1337 2735 acres

147 2812 148 2815 =
235 2773 403 2837 rideantur.
445 2797 505 2858 qua
517 2780 550 2835 iu
562 2776 755 2836 conversione
773 2792 917 2853 magnam
931 2775 1077 2835 librorum
1091 2779 1273 2838 Graecorum
1287 2779 1337 2837 fa-

236 2885 317 2935 ctem
330 2880 476 2937 lecturam
490 2871 625 2938 accurate
639 2878 866 2958 explicaverunt
877 2878 1068 2954 Alllleeren,
1096 2880 1271 2940 Geeoleiolrte
1285 2880 1338 2939 dee

239 2978 398 3039 Studium
419 2981 473 3039 der
492 2981 672 3067 oleracisolren
689 2981 846 3039 Literamr
866 2980 927 3039 vol.
946 2980 983 3056 l,
1012 2982 1170 3061 Gottingae
1194 2976 1285 3056 1797,
1305 2984 1336 3055 8,

237 3100 270 3160 p.
284 3084 342 3155 98,
363 3093 394 3140 et
412 3067 623 3158 lillliohlrorn,
646 3083 824 3143 Gecolriolete
841 3082 895 3142 der
912 3083 1069 3141 Lelerutw
1084 3084 1144 3141 rol.
1161 3086 1195 3157 1,
1215 3084 1337 3143 Gottin-

238 3200 296 3261 gae
315 3181 405 3257 1805,
419 3184 449 3256 8,
466 3202 498 3262 p·
510 3181 590 3258 6623
612 3180 754 3265 idemque
770 3205 831 3245 rmo
846 3185 967 3244 loannis
981 3182 1215 3264 Epiphaniensis
1229 3204 1338 3245 exem·

237 3285 290 3365 plo
312 3296 411 3366 potest
431 3283 640 3344 demonstrari.
681 3288 709 3347 is
728 3289 871 3361 loannes,
892 3287 946 3368 qui
962 3285 1182 3367 irrit'Agstlsiae
1198 3287 1337 3349 Scholia·

101 3416 130 3468 p.
147 3410 222 3453 xvru
239 3398 303 3448 stae
324 3390 506 3469 Evagriique
526 3384 759 3466 Epiphaniensis
777 3390 927 3473 aequalis,
948 3391 986 3449 ab
1005 3389 1064 3449 isto
1085 3388 1266 3449 laudeturin
1279 3408 1338 3449 ex·

238 3499 334 3549 tremo
347 3490 424 3550 libro
439 3490 544 3571 quinto
556 3491 667 3549 Histoe.
680 3492 853 3554 Ecclesiast.
866 3491 916 3552 ed.
927 3493 1026 3555 Vales-
1038 3512 1070 3572 ρ.
1082 3490 1145 3557 442
1158 3494 1201 3567 Ι),
1223 3510 1284 3575 quo
1296 3510 1338 3552 ex

239 3594 305 3654 loco
321 3603 404 3675 patet
418 3593 474 3654 sub
489 3612 519 3653 a.
534 3592 614 3670 598,
639 3614 708 3652 cum
731 3592 808 3655 haec
831 3596 973 3656 scriberet
990 3596 1154 3675 Euagrius,
1174 3593 1339 3675 Agathiem

239 3715 275 3755 ac
294 3699 438 3757 loannem
457 3692 595 3755 nondum
616 3697 755 3777 vulgasse
776 3718 847 3759 snos
865 3699 969 3757 libros.
1012 3695 1106 3758 edidit
1119 3708 1221 3758 tamen
1234 3707 1339 3778 postea

239 3796 397 3859 historiam
422 3801 564 3873 loannes,
593 3818 654 3880 qua
672 3800 777 3880 lugam
799 3797 939 3860 chosrois
958 3818 1000 3875 11,
1026 3802 1110 3861 illius
1133 3819 1226 3882 quem
1244 3800 1338 3859 Gosru

239 3903 343 3961 Persis
359 3903 483 3962 barbare
500 3902 671 3983 appellent,
690 3905 813 3984 eiusque
829 3882 1035 3963 reductionem
1046 3905 1078 3962 in
1091 3922 1218 3983 regnum
1232 3922 1260 3962 a.
1276 3902 1336 3967 691

241 4020 260 4060 e
274 4004 417 4062 Mauricio
431 4006 557 4065 (laesere
571 4006 683 4065 factam
697 4006 845 4065 subtiliter
857 4013 920 4064 erat
934 4016 1123 4087 persecutus3
1145 4025 1273 4086 eamque
1287 4000 1339 4060 bi-

240 4106 364 4163 storiam
383 4103 649 4189 'l'heoplryloctrun
668 4108 865 4168 Simocattam
884 4112 1019 4191 suspicor
1030 4120 1165 4171 socruum
1180 4128 1245 4167 esse
1259 4105 1337 4163 libro

240 4204 262 4269 4
281 4217 312 4266 et
333 4208 353 4272 6
376 4209 409 4266 iu
424 4207 607 4287 digressione
622 4209 660 4269 de
673 4210 814 4272 chosrois
826 4212 898 4293 fuga
913 4235 948 4275 ac
960 4213 1068 4274 reditu.
1112 4213 1225 4272 atenim
1238 4206 1339 4266 evenit

237 4311 343 4368 loanni
365 4309 398 4369 id
421 4310 503 4393 quod
523 4312 611 4395 Lydo
630 4314 758 4395 aliisque
775 4314 896 4391 multis,
918 4326 951 4376 ut
971 4316 1120 4375 Arabibue
1141 4317 1174 4373 in
1189 4332 1240 4371 eos
1257 4312 1338 4390 ipsos
1386 4318 1388 4324 '

237 4420 352 4473 tructus
366 4414 645 4495 effervescentibus,
666 4419 720 4478 ubi
738 4419 882 4502 pleraque
903 4420 968 4480 eius
987 4418 1173 4499 exemplaria
1190 4414 1340 4478 exstitisse
