3125 4959
651 428 709 494 DE
734 426 953 495 OSTENTIS.
1278 430 1353 501 293

258 587 286 653 εί
307 586 342 655 δὲ
363 588 494 674 σεισμὸς
514 590 538 677 ή
558 580 637 676 ήχος
652 589 694 658 -ἔκ
714 594 777 658 τοῦ
799 586 951 675 ούρανοῦ
969 588 1119 678 γένηται,
1147 590 1270 672 νόσους
1290 609 1355 683 ση-

256 691 373 771 μαίνει.
416 692 446 757 εί
473 692 509 760 δὲ
537 690 652 779 ὁμίχλη
679 692 831 779 γένηται,
863 694 958 761 σίτου
985 700 1040 761 καὶ
1064 697 1159 762 σίνον
1180 696 1355 774 δαψίλειαν

256 792 360 875 δηλοῖ.
404 794 433 859 εί
460 794 496 863 δὲ
523 794 606 879 παρ’
636 792 717 863 ὅλον
746 793 807 863 τύν
833 800 921 881 μῆνα
948 795 1145 864 ἐπιτείνουσι
1171 796 1353 883 πνεύματα,

255 890 346 970 νετὸς
365 891 437 979 ήξει.
487 905 515 958 εἰ
536 900 551 959 ὁ
573 900 709 983 ἕσπερος
729 897 768 965 ἐν
786 902 828 985 τή
850 896 971 986 σελήνῃ
992 898 1140 986 είσίλθη,
1169 904 1236 959 ἴδιοι
1256 900 1354 977 ἰδίοις

230 992 392 1061 ὀδυνατολ
413 996 682 1077 &renovaturum
726 1000 756 1067 εί
783 999 820 1067 δὲ
848 1002 922 1088 δόξῃ
950 1000 1095 1068 ἐκλιπεῖν
1122 996 1344 1091 ήσελήνηῦ]

253 1098 281 1151 ⁶²
299 1096 330 1153 ‘ii
352 1102 382 1156 “i
402 1112 512 1174 κεραῖαι
532 1108 583 1177 τῆς
604 1098 742 1188 σελήνης
756 1101 953 1181 συνέλθωσι,
974 1104 1070 1169 σίτου
1085 1099 1238 1188 ἀφθονία
1255 1100 1353 1167 ἔσται.

252 1194 282 1258 εί
303 1196 338 1263 δὲ
359 1198 480 1285 ἄστρον
500 1201 653 1289 ίκερὲχον
673 1202 726 1271 ἐπὶ
745 1203 806 1273 τόν
825 1204 968 1291 ον’ρανὸυ
989 1203 1166 1287 αύλακίζει,
1190 1203 1353 1272 κίνδυνον

250 1304 318 1377 τοῖς
339 1305 512 1387 παραλίοις
532 1295 663 1371 είπειλεί.

336 1405 494 1491 Σελήνη
523 1403 706 1493 ίχθύσεν.
758 1406 788 1473 εί
823 1402 843 1474 ὁ
877 1406 974 1494 ἥλιος
1007 1403 1145 1491 φαύλως
1173 1399 1352 1487 ἐκλάμπειν

209 1512 243 1563 10
251 1498 340 1589 δόξη,
363 1504 479 1589 φθοροί
501 1506 589 1574 ἔσται
611 1504 813 1593 ἀνθρώπων.
854 1513 882 1566 εί
901 1508 933 1567 δὲ
957 1506 994 1573 ἐν
1014 1512 1056 1593 τῇ
1076 1504 1193 1592 πρώτη
1211 1509 1351 1592 φυλακή

246 1599 282 1688 ή.
297 1602 416 1691 σελήνη
437 1604 491 1685 τὰς
512 1610 648 1691 κεραίας
669 1607 813 1695 σννύγη,
839 1606 954 1693 είρήνη
979 1608 1065 1667 ἔσται·
1117 1608 1146 1673 εί
1170 1603 1206 1675 δὲ
1228 1604 1352 1689 σεισμός

246 1700 387 1790 γίνηται,
411 1701 556 1790 ἀπορίαν
574 1710 725 1794 σημαίνει
745 1716 816 1787 τοῖς
831 1704 1112 1794 συναλλάγμασιν.
1154 1706 1211 1775 inv
1225 1703 1350 1789 ἄστρον

246 1802 284 1868 ἐν
303 1804 410 1893 ἡμέρη
431 1814 541 1895 φανῇ,
565 1808 754 1896 ἀνάγκητί
775 1807 874 1878 κοινοὶ
895 1813 1114 1894 περιστήσεται.
1155 1806 1216 1877 ἐὰν
1235 1829 1348 1890 κεραν-
1399 1861 1402 1869 .

244 1904 305 1983 υός
327 1914 365 1977 εἰς
385 1914 449 1993 γῆν
470 1912 550 1987 πίση,
571 1914 684 1977 παῦλαΙ
699 1914 765 1977 τῶν
785 1918 899 1979 κακῶν.
950 1912 1001 1970 ἐὰν
1021 1905 1129 1995 ὁμίχλη
1150 1916 1190 1980 είς
1211 1913 1263 1985 τήν
1283 1909 1349 1993 γῆν

206 2004 346 2095 ίσπέση,
373 2010 519 2076 συνοίσει
537 2019 601 2088 τοῖς
621 2015 775 2094 καρποῖς.

331 2115 381 2174 18.
427 2114 568 2185 Σελήνη
594 2120 692 2191 κριῷ.
742 2113 771 2180 εἰ
792 2107 815 2197 ἡ
836 2108 955 2197 σελήνη
975 2111 1156 2195 ταραχώδης
1176 2110 1346 2196 φαίνηται,

242 2206 380 2296 πόλεμοι
402 2210 533 2277 ἔσονται
553 2212 610 2276 καί
631 2210 845 2279 ἐπαναστάσεις·
896 2212 926 2277 εί
955 2210 992 2278 δὲ
1011 2209 1095 2278 κατὰ
1116 2209 1177 2296 τήν
1186 2209 1346 2296 ,δευτέραν

242 2310 398 2401 φυλακήν
418 2306 440 2396 ή
462 2308 580 2397 σελήνη
602 2308 785 2397 αἱματώδης
806 2318 899 2388 φανῇ,
923 2312 942 2373 ὁ
960 2318 1051 2389 σῖτος
1071 2310 1161 2378 ἔσται
1182 2309 1345 2400 ἄφθονοί-

241 2438 346 2491 τατος.
381 2409 440 2479 ἐὰν
460 2410 479 2479 ὁ
501 2410 636 2495 ἕσπερος
657 2404 765 2499 ἒμμίξη
785 2416 827 2499 τῇ
848 2416 967 2489 σελήνη,
989 2416 1093 2492 πόλεις
1114 2417 1213 2480 πόλεσι
1234 2437 1344 2503 evm.

200 2516 401 2604 αομήσοντιιι
420 2512 476 2580 καί
496 2510 591 2597 λιμὸς
613 2511 712 2579 ἔσται.
765 2514 795 2580 εί
815 2510 937 2592 νυκτός
957 2513 1109 2600 πρηστήρ
1130 2521 1343 2605 κατενεχθείη,

240 2619 387 2707 βασιλεύς
416 2624 477 2682 τσῖο
502 2612 624 2680 ἑαυτοῦ
650 2610 888 2701 ἐπιβουλεύσει.
930 2615 960 2681 εί
989 2614 1026 2681 δὲ
1054 2612 1191 2700 σεισμὸς
1213 2618 1341 2701 γένηται,

241 2721 371 2787 ἔνδειαν
391 2716 475 2782 σίτου
496 2716 649 2799 σημαίνει.
693 2716 723 2782 εί
744 2714 780 2782 δὲ
800 2707 878 2801 ήχος
898 2712 936 2784 ἐκ
954 2718 1018 2783 τοῦ
1039 2714 1191 2801 ούρανοῦ
1214 2722 1340 2805 γένηται,

240 2826 270 2883 ολ
290 2828 341 2895 τῆς
362 2814 529 2903 Εύροίπης
550 2823 619 2895 τοῖς
638 2822 698 2905 τής
716 2814 787 2884 ἄνω
813 2813 924 2897 Ἀσίας
942 2815 1196 2903 πολεμήσουσιν
1239 2818 1342 2908 ἒᾶνή

306 2972 324 3027 5
340 2971 429 3025 omisit
446 2969 570 3024 librarius
594 2970 734 3023 elnrmuiam
757 2968 855 3039 prioris
879 2969 1004 3023 sensiculi
1025 2975 1054 3024 et
1073 2970 1177 3025 initium
1192 2973 1338 3041 sequentis.

305 3059 392 3111 neque
408 3058 458 3106 ego
475 3040 599 3107 supplere
614 3039 683 3093 illam
701 3038 806 3108 quidem
822 3055 901 3091 ausus
918 3056 986 3093 aum.
1004 3040 1042 3095 Η.
1145 3042 1163 3095 9
1179 3044 1288 3109 φαυλος
1302 3044 1336 3097 c.

308 3113 341 3165 16
357 3110 484 3177 φανῆναι
496 3108 585 3178 vulga.
689 3110 726 3162 2⁰
745 3109 895 3177 ..εχεθειη
910 3109 944 3161 C.

236 3252 289 3301 rat.
316 3246 347 3312 ai
364 3251 537 3303 terraemotus
559 3245 591 3298 tit
608 3255 654 3299 aut
674 3245 773 3309 eaelum
792 3246 873 3314 boat,
897 3248 1003 3299 morbos
1024 3246 1167 3317 significat.
1201 3248 1226 3301 ai
1242 3248 1339 3303 nebula

236 3320 277 3383 iit,
293 3315 477 3369 abundantiam
495 3316 618 3368 frumenti
636 3322 664 3367 et
679 3314 736 3366 vini
752 3313 879 3367 declarat.
913 3317 961 3368 aed
974 3316 1000 3367 εἰ
1013 3335 1063 3386 per
1077 3325 1161 3371 totam
1175 3334 1291 3372 mensem
1305 3336 1337 3371 ετ

235 3386 375 3438 intendunt
389 3386 476 3450 tiatira,
496 3384 585 3451 pluvia
601 3384 709 3437 incidet.
730 3383 754 3434 εἰ
771 3400 900 3452 vesperus
916 3384 945 3435 in
961 3383 1047 3439 lunam
1062 3386 1220 3455 ingreditur,
1237 3383 1334 3456 poten-

235 3463 277 3508 tes
295 3455 350 3507 ania
367 3452 420 3523 ipsi
434 3452 639 3505 insidiabuntur.
674 3452 698 3504 si
718 3452 826 3505 videtur
848 3452 991 3523 deliquium
1017 3455 1073 3525 pati
1090 3455 1202 3509 luna...
1236 3470 1336 3509 cornua

234 3523 258 3576 si
277 3523 353 3575 ianae
370 3521 538 3589 conveniunt,
555 3523 681 3575 frumenti
699 3522 776 3591 copia
793 3521 855 3575 erit.
890 3522 914 3574 si
927 3521 1004 3577 atella
1020 3524 1157 3581 traiciens
1171 3540 1221 3593 per
1234 3522 1336 3578 eaelum

234 3592 334 3647 sulcum
351 3590 433 3658 ducit,
445 3591 593 3660 'pericnlum
611 3591 666 3643 oris
682 3590 820 3645 maritimis
836 3590 980 3644 minitatur.

304 3661 396 3712 Luna
412 3660 580 3730 piscibus.
615 3662 655 3711 sai
679 3660 702 3712 si
727 3660 834 3713 videtur
858 3660 946 3713 lacere
972 3659 1137 3730 languidius,
1160 3665 1265 3730 stragas
1282 3657 1335 3713 erit

149 3724 151 3727 ’
233 3729 390 3782 mortalium.
426 3726 613 3797 prima‘vigilia
630 3728 731 3782 siluae
748 3746 848 3782 cornua
863 3729 1008 3798 coniungit,
1025 3746 1078 3798 pax
1095 3730 1157 3790 erit,
1192 3729 1217 3781 εἰ
1230 3738 1335 3783 terrae-
1413 3765 1414 3768 =

233 3806 320 3850 motus
343 3799 392 3864 tit,
417 3798 598 3851 difficultatem
622 3797 835 3851 commerciorum
856 3798 997 3867 significat.
1033 3797 1058 3850 εἰ
1078 3797 1288 3853 atella-interdiu
1303 3816 1334 3852 aa

232 3867 338 3935 aperit,
365 3874 483 3936 tempora
497 3868 540 3919 rei
561 3866 680 3935 publicae
697 3886 793 3939 aspera
810 3867 955 3921 incurrent.
990 3866 1098 3923 fulmine
1114 3867 1139 3920 ai
1155 3875 1228 3921 terra
1243 3868 1334 3936 ungi-

229 3936 433 4055 ¹tur,ibeeat;atit>
450 3935 502 3990 erit
520 3935 704 3990 calamitatum.
739 3937 836 3991 nebula
852 3937 878 3989 εἰ
892 3937 921 3989 in
939 3936 1036 3991 t'erram
1054 3936 1191 4006 funditur,
1212 3935 1335 4008 proderit

242 4020 292 4071 rag
322 4021 363 4057 με.

303 4074 346 4126 18.
381 4074 475 4126 Luna
492 4073 623 4128 ariete.
649 4073 710 4131 iuna
727 4073 750 4125 si
765 4071 874 4128 turbida
892 4073 1005 4140 videtur,
1023 4072 1094 4127 bella
1107 4080 1186 4127 erunt
1200 4081 1229 4126 et
1236 4072 1333 4127 rebal-

231 4138 327 4193 lionea.
362 4144 412 4195 sub
433 4145 573 4203 secundam
590 4142 707 4213 vigiliam
722 4142 786 4197 luna
801 4143 826 4196 εἰ
842 4151 950 4196 cruenta
962 4142 1083 4209 videtur,
1105 4144 1263 4196 bumentum
1280 4141 1333 4197 erit

231 4208 451 4278 copiosissimum.
486 4230 614 4281 vesperus
630 4213 652 4265 si
666 4213 769 4265 accedit
785 4214 894 4283 propina
911 4211 1058 4281 adiudam,
1078 4212 1201 4267 civitates
1216 4227 1274 4265 eum
1290 4210 1330 4264 ei-

232 4276 359 4331 vitatibus
377 4280 599 4337 conflictabantur
618 4290 646 4335 et
661 4281 742 4335 fames
761 4282 823 4334 erit·
857 4282 936 4335 turbo
952 4297 1078 4335 accensae
1095 4280 1120 4334 ai
1136 4280 1267 4334 delabitur
1281 4297 1331 4334 na-

132 4365 134 4373 ·
233 4354 286 4413 ctu,
302 4364 351 4400 rex
368 4350 424 4401 auia
441 4350 620 4403 insidiabitur.
656 4359 830 4404 terraemotus
846 4350 870 4403 ai
886 4350 932 4416 fit,
953 4351 1089 4420 penuriam
1105 4350 1230 4403 immenti
1246 4348 1331 4418 rigni-

231 4416 302 4470 ficet.
339 4416 438 4471 caelum
454 4418 480 4471 εἰ
495 4429 596 4491 crepat,
613 4421 749 4491 Europaei
767 4419 863 4475 beilum
879 4418 997 4474 inferent
1013 4419 1137 4489 gentibus
1153 4420 1234 4475 Aaiaa
1250 4427 1331 4490 rape·-
