3125 4959
558 443 616 510 DE
639 440 852 510 MENSIBUS
875 440 937 509 tv.
1236 442 1287 519 67

188 614 224 682 sb
239 612 341 703 ἀέριον
359 619 431 703 πῦρ.
482 614 558 681 obuii
572 616 695 703 φυσικοὶ
709 612 802 701 ’Άρεα
820 614 878 698 μέν
895 611 953 697 οὔχ
969 608 1012 691 ὦς
1026 612 1056 679 oi
1069 620 1289 700 γραμματικῶν

189 724 297 796 παῖόες
313 722 346 785 έκ
361 726 416 803 τῆς
434 715 551 805 ίίρσεως
566 720 618 785 καὶ
642 718 825 806 ἀναιρέσεως
846 716 940 784 αὐτὸν
956 716 1172 801 ὀνομασθῆναί
1181 745 1288 806 φασιν,

189 822 262 901 ἀλλ’
280 826 312 889 έκ
324 829 381 887 τοῦ
398 820 518 910 ἀρήγειν
537 825 588 887 καὶ
606 818 831 905 συλλαμβάνειν
851 830 917 898 τοῖς
937 821 1017 886 κατὰ
1031 824 1104 903 βίαν
1121 824 1171 886 καὶ
1184 820 1288 914 μάχην

188 923 429 1007 συμπτώμασιν,
454 924 475 1008 ἢ
497 922 540 1003 ὡς
563 925 704 1013 ἀρκτικὸν
723 927 774 991 καὶ
791 930 965 1010 μεταβολῆς
982 924 1079 991 αίτιον
1100 923 1236 1009 (ιλιιλόασι
1255 926 1290 1004 δέ

48 1110 49 1115 ¹
163 1029 276 1117 5αίιτρῖ
289 1028 408 1113 ὕψωμα
423 1028 477 1093 τὸν
494 1025 685 1115 αἷγόκερων)·
711 1026 732 1112 ἢ
748 1027 839 1115 Ἄρεα
853 1028 906 1095 τὸν
917 1027 995 1116 παρ’
1014 1027 1149 1116 ἀρρένων
1163 1031 1214 1094 καλ
1228 1026 1289 1113 μό-

187 1158 250 1198 νων
268 1129 447 1214 τιμώμενον,
472 1130 540 1214 ἢέκ
554 1138 611 1196 τοῦ
622 1129 816 1219 μάρνασθαι.
866 1128 985 1219 ὃἌρης
995 1138 1115 1214 χαλκοῦ
1131 1134 1183 1197 καὶ
1199 1129 1290 1219 σιδή-

187 1261 245 1323 ρου
261 1232 384 1321 εὑρετὴς
398 1236 519 1319 ἐγένετο.
552 1235 608 1319 τὴν
624 1220 852 1324 δέἈρροιλίτην
868 1235 898 1300 οἳ
912 1238 1036 1322 φυσικοὶ
1050 1236 1123 1300 ποτέ
1136 1235 1192 1318 μέν
1206 1236 1292 1327 αὐτῷ
1305 1254 1336 1309 Ρ·
1352 1238 1389 1295 75

186 1339 260 1403 ποτὲ
276 1339 309 1403 δέ
318 1335 482 1425 Ἡφαίστῳ
498 1335 717 1419 συνάπτουσιν,Ι
728 1339 818 1411 οἱονεὶ
834 1346 875 1426 τῇ
884 1336 965 1429 ὑγρᾷ
977 1337 1068 1429 στ’·σίιγ
1080 1338 1137 1423 τὴν
1149 1338 1289 1427 πυρώδη,

186 1441 220 1519 ἓξ
232 1438 328 1527 ίιγροῦ
347 1438 505 1524 δήπουθεν.
519 1444 570 1507 καὶ
585 1448 707 1527 θερμοῦ
722 1444 857 1529 προϊέναι
871 1441 927 1526 τὴν
946 1442 1060 1528 γένεσιν
1074 1440 1291 1526 αἰνιττόμενοι·

146 1543 208 1628 1οῆ
229 1548 281 1609 καὶ
305 1543 407 1627 ίπειδὴ
428 1543 528 1622 κοινὸς
552 1546 655 1623 αὐτοῖς
676 1542 694 1611 ὅ
715 1548 877 1634 σκορπίος,
897 1544 1002 1630 Ἄρεος
1015 1545 1072 1627 μέν
1087 1552 1144 1610 τοῦ
1154 1548 1290 1634 κέντρου,

185 1654 248 1713 τῶν
273 1648 306 1712 tt
326 1653 430 1731 χηλιῦν
447 1648 638 1735 Ἀφροδίτης.
703 1646 927 1735 ἀποστρέφεται
949 1648 984 1713 δέ
1002 1645 1105 1735 ὥσπερ
1128 1648 1208 1713 κατά
1235 1650 1291 1715 τὸν

185 1756 291 1832 μῦθον
305 1750 469 1838 Ἀφροδίτη
494 1750 547 1816 τὸν
565 1751 675 1839 Ἄρην,
701 1751 804 1835 ἐπειδὴ
829 1746 846 1815 ὅ
866 1749 982 1833 χειμὼν
1001 1749 1170 1838 ἀκολουθεῖ
1178 1758 1291 1840 miso&
1396 1736 1399 1742 ¹

180 1852 287 1941 Ἄρεος
306 1856 374 1943 ἰδίῳ
394 1852 605 1939 καταστήματι
611 1903 622 1935 ,
640 1851 660 1937 ἦ
679 1855 713 1920 δέ
720 1854 887 1944 Ἀφροδίτη
902 1853 1057 1941 εὔκρατος.
1108 1852 1186 1919 ὥστε
1202 1856 1291 1921 έναν-

184 1958 258 2033 τέως
279 1956 382 2038 έχουσι
402 1957 479 2043 πρὸς
497 1954 642 2036 ἔαυτοός,
669 1957 741 2021 ἀλλ’
768 1957 805 2021 οὗ
822 1949 980 2021 καθόλου·
1004 1959 1055 2021 καλ
1071 1954 1131 2044 γάρ
1147 1954 1292 2042 ἀλλήλοις

147 2072 178 2127 15
186 2058 266 2125 κατὰ
286 2058 322 2123 τό
345 2064 402 2123 τοῦ
425 2064 535 2145 καιροῦ
562 2061 708 2145 προσεχές
726 2057 937 2125 συνάπτεσθαι
963 2062 1105 2124 δοκοῦσι·
1129 2060 1208 2142 μετά
1230 2060 1292 2149 γάρ

182 2168 321 2246 χειμῶνα
339 2162 374 2241 τὸ
391 2160 445 2249 έαρ
458 2160 651 2248 ἀναφέρεται.
689 2160 892 2247 θεραπεύεται
910 2164 944 2227 δέ
958 2158 974 2227 ὅ
986 2162 1079 2250 Ἄρης
1088 2159 1174 2246 ἤχοις
1189 2160 1293 2229 ὅπλων

185 2268 237 2331 καὶ
262 2262 418 2349 σάλπιγξι,
445 2267 495 2329 καὶ
516 2264 569 2328 bui
591 2269 682 2329 τοῦτο
704 2264 789 2351 αὐτῷ
803 2263 859 2349 τὴν
873 2262 997 2351 πρώτην
1010 2263 1119 2351 ἑορτὴν
1134 2266 1293 2332 ἐπετέλουν

185 2368 218 2433 οἱ·
227 2364 390 2449 Ῥωμαῖοι,
420 2372 581 2443 καλοῦντες
609 2365 705 2450 αὐτὴν
726 2364 979 2454 άρμιλοάστριον,
1012 2368 1102 2434 οἷονεί
1126 2368 1293 2456 καθαρμόν

186 2470 305 2549 ὅπλων,
325 2468 369 2554 μὴ
385 2472 548 2552 χείματος,
569 2468 614 2552 μὴ
631 2467 735 2556 ἑτέρας
749 2469 831 2548 τινός
842 2468 1047 2557 περιστάσεως
1061 2468 1221 2558 είργοάσης
1235 2471 1293 2557 τὴν

145 2576 303 2658 ἳθκίνησιν
319 2579 382 2639 τῶν
394 2571 497 2638 ὅπλων
508 2574 556 2637 aa
573 2578 619 2660 τῷ
630 2579 686 2637 τοῦ
698 2572 803 2660 ’Άρεος
819 2575 922 2663 πεδίῳ.
953 2572 1052 2658 ὄνομα
1067 2576 1102 2639 δέ
1118 2574 1203 2665 αὐτῷ
1217 2574 1291 2643 κατ’

185 2679 375 2763 Αἷγοπτίους
391 2672 542 2764 Πτρόεις,
567 2674 640 2741 ὅθεν
654 2679 705 2741 καὶ
719 2672 880 2755 Ξανθικός
895 2676 981 2765 παρὰ
995 2676 1188 2744 Μακεδόσιν.
1215 2676 1292 2744 “Et-

186 2787 273 2867 ληνες
287 2781 321 2845 δέ
338 2776 440 2859 αὐτόν,
454 2776 496 2858 ὡς
509 2779 637 2867 εἴρηται,
652 2778 742 2869 ’Άρεα
758 2780 793 2845 έκ
805 2786 868 2847 τῶν
878 2779 1068 2870 πραγμάτων
1082 2777 1291 2872 προσηγόρευ·

254 2942 272 2997 8
289 2938 320 2997 δὲ
337 2942 390 2998 add
404 2942 565 2997 Itoetherus.

184 3081 291 3153 physici
302 3099 369 3136 vero
386 3080 509 3147 Martem,
528 3096 581 3133 non
598 3086 629 3134 ut
646 3079 883 3135 Grammaticorum
899 3079 959 3150 filii,
975 3075 1008 3135 ίκ
1021 3080 1073 3151 τῆς
1089 3074 1197 3151 &potue
1214 3080 1248 3153 (i.
1262 3100 1289 3139 a.

184 3171 202 3206 a
219 3152 382 3220 sublatione)
402 3159 430 3205 et
445 3145 613 3216 ἀναιρέσεως
630 3148 663 3216 (i.
683 3168 709 3203 a.
728 3154 761 3204 eb
778 3150 977 3218 interfectione)
997 3168 1056 3205 eum
1069 3152 1228 3207 nominatum
1246 3154 1291 3208 di·

185 3230 257 3288 cunt,
271 3221 319 3274 sed
333 3214 363 3273 έκ
379 3219 432 3273 τοῦ
450 3213 563 3286 άρήγειν
577 3217 610 3285 (i.
628 3236 653 3271 e.
668 3236 685 3271 a
700 3220 812 3273 ferendo
825 3218 962 3287 auxilium)
979 3227 1008 3273 et
1020 3220 1169 3275 adiuvando
1182 3219 1289 3275 casibus

185 3290 233 3360 qui
248 3288 350 3342 suntin
367 3288 397 3341 ni
413 3305 445 3341 ac
463 3304 561 3357 pugne,
575 3284 620 3341 vel
637 3294 761 3355 tanquam
779 3284 912 3356 οίρκτικόν
928 3289 961 3355 (ἰ.
981 3307 1007 3341 e.
1023 3288 1095 3341 initii
1113 3289 1288 3358 efficientem)

185 3368 215 3412 et
230 3356 381 3413 mutationis
402 3364 535 3410 auctorem
554 3355 702 3425 (assignant
718 3364 805 3410 eutem
824 3357 850 3410 ei
865 3356 1038 3409 summitatem
1050 3375 1074 3411 s.
1089 3374 1214 3411 summam
1230 3367 1289 3421 ste,-

183 3427 284 3482 tionem
303 3427 520 3496 Capricornum:
538 3419 673 3492 vel'Apsc
689 3423 749 3479 eu'm
784 3425 814 3478 ui
830 3444 847 3479 e
863 3424 928 3478 solis
945 3424 1061 3479 muribus
1081 3427 1185 3494 colitur,
1201 3426 1246 3481 vei
1259 3423 1290 3481 ἐκ

184 3497 238 3551 τοῦ
255 3490 421 3563 μάρνασθαι
438 3494 475 3563 (i.
496 3512 521 3546 e.
541 3512 558 3548 a
575 3495 739 3566 pugnando).
806 3512 849 3548 ars
867 3494 937 3548 aeris
955 3502 984 3548 et
1001 3495 1067 3548 terri
1083 3496 1208 3549 inventor
1224 3495 1288 3551 ruit.

184 3567 317 3619 Venerem
338 3572 425 3618 antem
443 3561 548 3633 physici
570 3567 650 3620 modo
671 3581 729 3617 cum
746 3564 792 3618 illo
810 3565 887 3618 modo
904 3580 963 3616 cum
980 3563 1098 3618 Vulcano
1116 3564 1289 3633 coniungunt,

173 3635 259 3689 uelut
274 3651 331 3687 oum
344 3633 451 3696 humida
467 3631 583 3685 essentia
600 3632 714 3701 igneam,
733 3652 766 3686 ex
781 3633 888 3688 humida
901 3630 1027 3686 videlicet
1045 3640 1073 3685 et
1089 3632 1176 3688 calide
1193 3639 1289 3688 ustura

183 3702 293 3789 prodire
306 3702 503 3771 generationem
518 3703 629 3755 obscure
646 3702 840 3770 significantes:
855 3701 899 3756 vel
915 3702 993 3755 etiem
1006 3701 1131 3770 quonism
1145 3700 1288 3755 eommunia

183 3781 255 3827 mter
270 3790 317 3825 eos
330 3770 458 3841 Scorpius
473 3775 523 3839 est,
542 3786 599 3823 etun
612 3770 708 3824 Martis
726 3770 845 3824 stimulus
858 3772 903 3839 sit,
923 3769 1040 3839 forcipes
1058 3779 1146 3825 autem
1159 3770 1286 3824 Veneris.

185 3850 325 3895 aversatur
341 3850 438 3909 autem,
457 3846 488 3892 ut
504 3839 588 3893 estin
603 3840 701 3907 fabula,
720 3841 810 3895 Venus
826 3842 948 3908 Martem,
966 3856 1024 3893 cum
1040 3839 1133 3907 hyems
1147 3837 1288 3893 comitatur

185 3910 281 3965 Martis
299 3910 434 3980 proprium
449 3914 554 3978 statum,
573 3909 663 3963 Venus
680 3918 766 3964 eutem
779 3910 822 3964 'sit
838 3913 907 3963 bene
923 3916 1079 3979 temperate.
1112 3908 1205 3978 itaque
1221 3923 1287 3960 con·

184 3980 263 4034 trerii
278 3980 349 4033 inter
362 3998 392 4033 se
407 3986 478 4047 sunt,
495 3995 545 4031 nec
560 3982 648 4032 tamen
666 3979 785 4033 omnino:
803 3979 898 4033 etenim
918 3996 952 4033 ex
965 3976 1131 4049 tempestatis
1146 3974 1287 4031 continua-

183 4049 258 4105 tione
270 4048 344 4102 inter
357 4066 387 4101 se
400 4047 545 4101 cohaerere
558 4047 698 4113 videntum
714 4057 776 4119 post
787 4048 898 4103 hiemem
915 4048 986 4106 enim
998 4064 1052 4101 uer
1061 4045 1155 4099 oritur.
1189 4042 1285 4097 colitur

185 4125 273 4173 autern
288 4117 363 4172 Mars
381 4134 510 4172 mmorum
525 4117 640 4187 strepitu
655 4124 683 4170 et
699 4118 781 4186 tubis,
800 4127 829 4171 et
840 4118 909 4171 hene
923 4120 957 4173 ob
972 4132 1077 4171 eeussm
1091 4115 1118 4167 ei
1129 4111 1226 4183 primas
1239 4112 1284 4177 fe-

184 4188 239 4241 rias
256 4188 373 4255 agebant
389 4184 520 4253 Romani,
541 4194 667 4240 vocantes
685 4203 731 4240 ees
750 4186 950 4255 armilustrium,
969 4184 1042 4241 velut
1059 4183 1241 4254 purgationem
1257 4195 1284 4235 s·

184 4256 367 4316 lustrationem
384 4256 529 4323 armorum,
550 4273 603 4308 non
622 4254 707 4308 hieme
724 4273 811 4327 neque
828 4256 881 4311 alio
899 4272 963 4310 casu
978 4252 1137 4326 prohibente
1153 4261 1285 4308 armorum

184 4325 370 4380 tractationem
381 4324 410 4378 in
424 4340 516 4393 campo
529 4324 638 4379 Martio.
662 4341 758 4379 nomen
771 4334 857 4380 summ
870 4325 897 4379 ei
911 4328 982 4396 epud
992 4321 1141 4393 Aegyptios
1153 4316 1284 4397 Πυρίεις,

185 4396 302 4453 undeet
317 4391 463 4455 Ξανθικός
481 4395 552 4463 apud
568 4393 743 4459 Macedonem
760 4395 861 4449 Graeci
878 4399 1051 4461 autem-eum,
1067 4397 1098 4445 ut
1115 4389 1213 4445 dictum
1231 4394 1283 4457 est,

179 4456 261 4533 ”Auru
275 4464 385 4521 erebus
398 4460 543 4537 appellent.
572 4462 741 4535 nequeenim
754 4464 814 4536 quis
827 4464 962 4521 invenerit
973 4459 1122 4536 generalem
1134 4458 1180 4516 dei
1191 4456 1285 4539 appel-
