3125 4959
275 409 349 485 394
389 461 391 467 ·
554 409 665 479 uisu
684 409 1082 480 mmmvunslonas

274 570 550 656 monstrat.'evang.
563 574 661 644 4370
679 587 709 638 et
725 580 895 658 Praeparat.
908 599 1013 658 evang.
1029 575 1140 642 81517.
1182 575 1253 638 inde
1274 578 1361 640 linxit

273 676 412 723 neutrum
432 665 614 723 substantIre
635 676 788 742 sumptum
808 661 842 727 τὸ
863 660 1001 745 ἀρχικόν,
1024 657 1191 740 ιάιρενῖιιηι;
1212 665 1358 745 quemad-

273 748 399 808 modum
419 745 454 811 τό
474 743 596 829 degrada
608 753 667 810 τῶν
681 747 926 831 ὑποτεταγμένων
942 751 1103 808 dominatio
1119 759 1163 808 est
1177 752 1210 806 in
1226 750 1359 808 subditos·

274 834 355 914 apud
381 836 415 893 S.
439 836 616 912 Gregorium
635 839 802 913 Nyssenum
825 846 926 893 contra
948 836 1129 892 Eunomium
1152 837 1171 895 3
1202 839 1261 898 137
1280 836 1307 892 A
1329 844 1360 892 et

274 919 355 998 apud
366 917 524 977 Philonem
537 916 622 990 Quod
636 921 732 979 omnis
744 919 853 998 probus
867 922 942 978 liber
955 923 1015 983 687
1028 920 1061 976 G.
1103 922 1135 974 in
1149 921 1286 976 Nemesio
1302 939 1359 976 au-

274 1016 336 1062 tem
357 1002 395 1062 de
414 1016 520 1063 natura
540 1001 622 1062 hom.
642 1009 702 1068 177
722 1007 749 1062 A
770 999 807 1064 rol
827 999 935 1084 α’ρχικᾶ
955 1008 1017 1064 τῶν
1037 1005 1174 1080 ψυχικῶν
1193 1013 1358 1080 parteseae

274 1098 344 1148 suut
357 1091 473 1147 anirnae
488 1108 564 1169 quae
578 1089 768 1147 dominamur
785 1098 873 1168 atque
888 1092 1045 1166 imperant.
1087 1089 1119 1144 in
1132 1085 1258 1145 Philone
1273 1087 1359 1146 deni-

274 1196 334 1255 que
347 1176 509 1252 Legatione
524 1173 563 1231 ad
574 1176 678 1232 Caium
691 1173 752 1237 774
766 1175 794 1230 A
813 1170 850 1234 roi
864 1168 1109 1252 dogoroi‘acientio
1122 1183 1165 1230 est
1179 1173 1356 1249 imperandi.

357 1257 397 1338 2)
418 1258 488 1318 huic
502 1260 707 1336 significationi
721 1258 868 1337 subiungo
882 1255 1053 1332 secundam,
1071 1259 1259 1336 peculiarem,
1278 1256 1360 1338 quod

273 1343 314 1402 ad
324 1345 515 1424 imperatores
525 1347 673 1402 Romanos
686 1346 800 1418 attinet,
817 1343 1012 1420 principalis,
1033 1339 1283 1422 quemadmodmn
1295 1346 1360 1401 Ta-

273 1433 349 1488 citus
369 1450 487 1510 quoque
500 1432 663 1506 pessimum
676 1429 1055 1506 principaliarnatrimonii
1074 1430 1299 1484 instrumentum
1319 1429 1360 1486 ait

274 1516 381 1576 Hist.1
403 1519 455 1578 22.
484 1517 525 1571 ita
539 1512 714 1572 Theodotus
724 1515 900 1594 Ancyranus
915 1523 1013 1572 contro
1029 1515 1220 1573 Nestoriuml
1246 1513 1359 1574 1667Α

273 1595 310 1660 τοὶ
326 1591 435 1677 duxisti
444 1599 598 1676 palatim
609 1599 788 1678 Augentum
793 1621 806 1670 ,·
827 1596 1004 1656 Theodorus
1021 1599 1180 1656 Balsamon
1194 1593 1314 1654 cobellis
1327 1598 1360 1653 in
1383 1629 1387 1637 ·

273 1703 403 1742 cationes
418 1685 459 1748 75
474 1686 499 1741 Β
515 1677 672 1767 γράμματα
684 1677 792 1762 α’ρχικά
806 1682 908 1741 literae
916 1685 1066 1761 principis
1086 1683 1158 1761 (ubi
1173 1681 1252 1738 male
1267 1682 1359 1738 iuter·-

272 1767 378 1847 pres),
399 1788 518 1846 prorsus
541 1780 574 1826 ut
594 1765 716 1849 ypdppn
736 1765 890 1846 βασιλικὸν
911 1779 956 1825 est
975 1764 1054 1843 apud
1071 1765 1240 1822 Palladium
1252 1767 1313 1822 vita
1325 1766 1360 1823 S.

273 1856 392 1912 loannis
411 1850 612 1932 Chrysostomi
626 1856 666 1914 73
679 1854 717 1909 A.
759 1853 906 1911 Eusebius
924 1852 962 1908 de
981 1851 1160 1928 martyribus
1173 1851 1360 1906 Palaestinae

273 1939 370 2000 3200
386 1935 408 2016 η’
420 1931 526 2017 ἆρχική
541 1936 755 2015 εἰκουαττηρίς,
779 1936 950 1994 vicennalia
963 1937 1158 2013 imperatorio.
1202 1934 1309 2014 quibus
1322 1932 1360 1992 de

271 2023 363 2081 sacris
386 2019 539 2080 ademrdus
558 2015 703 2080 cellarius
717 2020 759 2079 ‘ad
778 2023 966 2081 Lactantium
979 2019 1016 2079 de
1029 2020 1173 2078 mortibus
1187 2030 1360 2099 persecuto-

272 2126 340 2165 rum
353 2126 380 2164 ο.
394 2109 443 2179 17,
460 2106 558 2171 954B
573 2104 621 2164 ed.
638 2110 808 2166 Heumann.

357 2190 396 2267 3)
418 2185 539 2269 ἀρχικός
559 2211 647 2271 porro
667 2190 785 2249 videtur
802 2187 978 2250 vertendum
999 2191 1171 2266 imperiosos
1193 2188 1250 2270 (eo
1270 2209 1360 2248 seruo

272 2297 331 2355 (prro
345 2278 461 2336 Plinius
475 2281 513 2333 ll.
527 2280 564 2334 N·
578 2279 618 2340 29
642 2278 660 2338 1
682 2278 844 2353 imperiosi,
864 2278 979 2356 inquit,
1000 2274 1084 2333 nobis
1105 2276 1179 2351 ipsis
1200 2286 1228 2330 et
1246 2275 1362 2332 molesti

271 2363 413 2438 nonne),
434 2365 459 2420 si
473 2381 533 2418 uon
547 2359 612 2436 hie,
634 2371 665 2418 at
680 2373 758 2419 certe
774 2359 854 2440 apud
869 2363 994 2419 Paulum
1010 2358 1249 2418 Alexandrinmn
1264 2357 1359 2416 Rudi-

271 2449 380 2505 memis
395 2445 432 2505 de
446 2447 587 2505 natalitiis
601 2447 642 2509 49
656 2446 694 2503 G:
716 2438 857 2525 ἆρχικούς
879 2445 930 2506 καὶ
949 2441 1110 2518 insidiare.
1152 2441 1280 2500 reddidit
1292 2445 1359 2498 An-

271 2530 358 2590 dreas
371 2530 480 2591 Sclrato
495 2533 539 2590 ad
546 2532 752 2607 principatum
763 2550 933 2607 propensos.
979 2532 1051 2585 item
1072 2524 1151 2604 apud
1168 2528 1201 2584 S.
1215 2529 1358 2584 Ioannem

270 2615 516 2694 chrysostomum
536 2617 612 2674 libro
630 2619 716 2674 tertio
736 2613 774 2672 de
796 2612 960 2671 sacerdotio
981 2616 1001 2676 6
1023 2611 1063 2674 25
1085 2613 1142 2684 28,
1166 2611 1219 2666 ubi
1236 2604 1360 2691 ἀρχικός

272 2705 432 2781 opponitur
445 2705 486 2785 τῷ
499 2703 684 2782 κοινωνικῷ,
703 2701 877 2777 imperiosus
893 2698 1043 2755 communi
1057 2697 1119 2754 sive
1135 2698 1222 2752 comi.

211 2858 217 2868 ,
355 2785 395 2864 4)
419 2797 449 2844 at
465 2788 545 2844 euim
558 2793 619 2844 tion
632 2787 731 2844 minus
745 2786 950 2866 frequentatur
965 2774 1085 2863 ἀρχικός
1098 2799 1133 2838 ea
1145 2779 1359 2859 significatione

271 2888 363 2949 quam
380 2869 430 2928 lrio
448 2873 547 2930 locum
563 2870 673 2930 babere
691 2871 831 2944 arbitror,
851 2881 941 2947 optim
957 2868 1001 2925 ori
1010 2875 1185 2944 potestatem
1199 2876 1249 2922 aut
1263 2866 1358 2940 impe-

270 2955 350 3010 rinm
363 2957 564 3012 exercendum.
589 2959 630 3015 ita
640 2959 767 3035 positivo
778 2958 927 3032 Diogenes
940 2955 1073 3010 Laertius
1086 2951 1138 3006 vit.
1152 2946 1357 3026 philosopher.

273 3040 368 3101 1930
386 3040 501 3096 Stoicos
515 3038 675 3098 credidisse
697 3043 745 3096 ait.
759 3042 907 3115 sapientes
930 3035 969 3093 ad
990 3031 1135 3110 gerendos
1157 3034 1357 3109 magistratus,

271 3121 311 3180 ad
328 3121 537 3194 iudicandum,
559 3123 597 3180 ad
616 3122 792 3196 dicendmn,
814 3122 893 3180 solos
909 3139 973 3178 esse
990 3116 1132 3176 idoneos:
1154 3112 1296 3196 ἆρχικους
1314 3116 1358 3178 dr-

270 3202 432 3280 καστικούς
458 3230 489 3269 τε
516 3205 568 3269 καὶ
597 3202 777 3289 ρητορικούς
799 3202 913 3286 μόνους
936 3199 1022 3266 εἶναι.
1063 3199 1151 3260 ΡΙιὶΙο
1177 3201 1214 3260 de
1239 3198 1358 3279 loseph.

270 3295 331 3356 431
346 3296 372 3351 G
382 3312 390 3350 ε
414 3287 537 3371 α’ρχικόν
549 3285 640 3367 φύσει
651 3291 702 3354 καὶ
716 3285 853 3354 δυνατόν.
895 3301 925 3348 et
940 3287 1020 3368 aprrd
1030 3289 1170 3345 Proclum
1179 3285 1357 3364 Paroplrmsi

271 3380 303 3434 iu
325 3379 531 3442 Ptolemaeum
552 3380 653 3441 2273
680 3371 820 3459 ingencia
840 3368 1068 3456 μεγαλοψύχους
1087 3384 1165 3431 recte
1188 3375 1275 3430 vertit
1294 3374 1357 3438 Leo

271 3464 399 3521 Allatius
417 3483 535 3541 gnoma
554 3465 587 3518 in
607 3465 749 3539 imperiis,
770 3463 996 3539 magnanimos:
1031 3459 1069 3514 cl'.
1094 3476 1213 3536 quoque
1235 3457 1295 3520 229
1321 3456 1356 3512 C.

272 3553 471 3624 comparativo
490 3548 522 3606 S.
538 3548 666 3604 Basilius
679 3550 806 3623 Magnus
820 3549 1018 3604 Gorrrmentar.
1034 3544 1066 3598 iu
1079 3553 1167 3620 caput
1182 3547 1201 3604 2
1216 3542 1320 3599 Esaiae
1337 3543 1353 3600 1

271 3633 386 3694 8810:
409 3630 507 3712 dodon
525 3628 578 3695 riv
598 3623 797 3711 ἆρχικαίτερον
813 3629 846 3692 ἐν
857 3634 895 3713 τῇ
909 3622 1025 3706 νοήσει,
1046 3622 1100 3690 τόν
1114 3621 1291 3706 τελειότερον
1304 3621 1356 3684 καὶ

173 3713 175 3719 ’
271 3712 474 3799 δυνατώτερον
490 3717 523 3780 ἔν
541 3721 606 3789 ταῖς
621 3709 755 3795 πράξεσι.
797 3734 853 3771 nec
871 3715 969 3770 minus
984 3713 1059 3769 bene
1082 3709 1226 3791 (opinor)
1247 3711 1355 3766 Fronto

271 3804 407 3860 Dircaeus
421 3805 474 3860 illa
487 3805 520 3862 S.
537 3804 670 3880 Gregorii
680 3801 807 3879 Nysseni
818 3801 981 3880 quaestion.
998 3795 1071 3876 quid
1086 3800 1124 3856 sit
1141 3795 1179 3854 ad
1194 3795 1354 3871 imaginem

271 3887 319 3945 dei
344 3891 359 3949 l
379 3887 441 3952 845
456 3891 499 3961 A,
523 3885 558 3951 ni
580 3883 702 3967 α’ρχικόν
720 3889 775 3948 τοῦ
793 3877 976 3964 inopinae,
989 3881 1174 3961 facultatem
1190 3876 1356 3956 imperornli

271 3971 400 4031 reddidit
418 3972 561 4045 haniaria·
583 3993 641 4053 quo
661 3971 768 4030 eodem
788 3988 877 4028 seusu
899 3967 1056 4026 adhibetur
1074 3970 1111 4026 ab
1126 3971 1234 4026 Ioanne
1249 3960 1354 4020 Philo-

271 4078 350 4137 pouo
372 4057 410 4115 de
432 4060 580 4115 creatione
601 4057 707 4116 mundi
727 4060 790 4121 280
811 4057 839 4113 Α
859 4059 900 4130 B,
921 4055 984 4119 238
1007 4055 1046 4128 0,
1068 4054 1130 4118 240
1142 4052 1206 4108 AB
1231 4059 1260 4105 et
1282 4047 1353 4104 alibi

272 4164 322 4202 sae
344 4164 371 4200 e.

323 4165 417 4287 pNec
435 4228 545 4285 mirum
567 4228 694 4285 aestuari
712 4227 825 4306 passim
843 4225 874 4281 in
895 4219 1038 4282 vertendo
1057 4218 1219 4290 adiebtiro,
1240 4237 1308 4274 cum
1321 4217 1351 4273 in

272 4315 337 4390 ipso
360 4315 542 4373 substantivo
565 4306 641 4393 ἀρχή
663 4315 751 4370 multi
772 4307 959 4371 offenderint.
1007 4309 1089 4367 velut
1108 4303 1352 4362 Montafalconius

270 4401 351 4459 Bibl.
372 4401 494 4459 Coislin.
509 4397 571 4464 596
583 4400 627 4456 D:
649 4397 785 4474 πολιτεία
847 4394 928 4459 ἐστὶν
947 4388 1022 4477 ἀρχὴ
1039 4390 1097 4475 καὶ,
1110 4382 1259 4469 συνήθεια
1279 4412 1352 4469 πρα-
