3125 4959
244 425 319 496 392
521 415 635 493 mss
655 389 1053 493 mmmvannonns
1090 443 1102 450 ·

245 588 283 650 tle
303 589 453 648 mensibus
468 608 566 670 neque
580 592 614 649 in
627 591 703 650 libro
719 589 756 649 de
770 590 992 670 magistratibus
1007 599 1188 650 memoratur
1204 587 1254 649 hic
1272 609 1328 650 au-

245 687 324 749 ctor3
355 695 451 755 neque
479 695 590 733 nomen
616 678 768 756 proprium
798 677 970 754 campester
991 677 1053 735 sire
1075 678 1272 754 Carnpsstrius
1295 678 1328 734 in

244 760 439 818 marmoribus
462 761 575 818 Latinis
597 759 694 820 adhuc
716 763 795 820 notis
819 760 920 839 legere
937 763 1071 818 memini.
1114 779 1185 818 nam
1204 763 1329 819 occurrit

244 843 366 925 quidem
386 845 645 904 cAMPssTsm.
666 848 721 905 ΒΧ
741 847 847 907 VOTO
869 846 903 905 (l.
925 843 1156 905 SANchws
1176 848 1210 902 in
1229 843 1328 923 lapide

188 956 191 961 ·
240 950 335 1010 propa
355 929 570 989 Heilbronnam
587 933 619 988 in
640 931 750 991 Suesia
770 940 869 1005 eruto,
898 927 936 988 da
959 927 1106 1011 quotide
1128 931 1225 987 Iacob.
1247 930 1330 1008 Spon

241 1014 407 1072 Miscellan.
419 1013 530 1073 erudit.
545 1017 711 1095 antiquitat.
733 1019 792 1079 107
807 1017 849 1090 Β,
871 1012 1003 1074 Eckhart
1026 1012 1063 1072 de
1084 1015 1170 1073 rebus
1189 1015 1330 1072 Franciae

243 1101 424 1162 orientalisl
447 1101 467 1162 9
483 1101 524 1176 B,
546 1099 626 1158 unde
646 1098 756 1159 habere
775 1120 808 1159 se
829 1101 870 1158 ait
889 1101 1033 1159 Muratori
1045 1121 1076 1179 p.
1089 1103 1202 1174 evus,
1222 1100 1332 1156 Martin

242 1185 294 1242 Lo
313 1183 439 1262 relrgcon
456 1184 507 1241 des
531 1185 659 1244 Gaulois
677 1187 698 1248 2
720 1188 780 1249 180
797 1187 841 1259 Β,
865 1195 895 1243 et
914 1188 958 1244 lo.
979 1185 1331 1264 Ga.KeyslerAnt1qnit.
1402 1196 1411 1206 ·

242 1267 755 1348 septentrionalibmfflannoverac
777 1272 868 1343 1720,
890 1269 931 1348 8)
954 1268 1016 1334 420
1037 1272 1075 1328 A.
1116 1289 1203 1347 porro
1226 1271 1258 1326 in
1281 1271 1333 1326 ‘ara

243 1355 318 1412 item
343 1355 375 1410 in
400 1365 478 1410 terra
503 1354 613 1412 Suesia
639 1364 755 1434 reperta
787 1354 1085 1414 CAMPESTRIBVS
1113 1354 1269 1412 SACRVM
1295 1355 1331 1410 P.

243 1438 426 1509 ovmmvs
446 1439 482 1494 1..
503 1438 537 1495 F.
582 1440 698 1496 Gruter.
720 1438 807 1516 (lor-p.
826 1439 958 1517 inscript.
977 1458 1044 1498 nxr
1059 1442 1096 1514 2,
1122 1439 1247 1516 Keysler
1262 1441 1333 1496 Ant.

245 1531 321 1599 sept.
336 1520 398 1584 420
411 1523 452 1594 Β,
472 1523 516 1579 lo.
531 1523 638 1580 Breval
659 1520 725 1604 (qui
737 1519 813 1579 vidit
826 1521 991 1604 Stntgarrli)
1013 1517 1161 1582 Remarks
1175 1523 1217 1600 ‘ff
1221 1521 1336 1580 several

238 1615 328 1684 parta
341 1605 544 1682 osEurop02
565 1609 606 1670 85
622 1608 664 1681 Β,
687 1616 718 1664 et
735 1608 845 1664 Martin
867 1607 937 1665 Ital.
961 1608 1012 1666 des
1036 1607 1197 1670 &omos
1220 1610 1279 1670 180
1294 1610 1333 1665 A.

242 1693 316 1749 item
342 1690 503 1750 svnsvls
530 1693 586 1749 ΒΤ
614 1691 912 1753 CAMPESTRIBVS
949 1694 981 1750 in
1010 1712 1159 1751 marmore
1190 1693 1334 1766 Romano,

243 1774 328 1853 Spon
343 1776 511 1834 Miscellan..
523 1774 629 1833 erudit.
646 1777 738 1857 antiq.
755 1779 814 1838 107
829 1778 863 1835 (l.
905 1774 960 1836 sed
975 1778 1007 1834 in
1022 1775 1071 1836 his
1086 1776 1224 1835 omnibus
1245 1776 1335 1833 Cam-

239 1870 354 1938 pestres
376 1859 515 1918 videntur
536 1857 625 1935 deae,
647 1869 698 1918 sut
718 1861 846 1939 campis,
868 1857 926 1919 hoc
942 1871 987 1922 est
1000 1863 1094 1941 agris,
1116 1873 1149 1919 ut
1166 1861 1270 1918 volunt
1286 1863 1336 1917 in-

244 1954 407 2023 terpretes,
430 1955 481 2001 aut
500 1944 624 2004 fortasse
646 1947 796 2034 exemitiis
817 1946 1046 2026 campestribus,
1067 1943 1125 2007 hoc
1139 1956 1183 2006 est
1196 1946 1336 2004 militari-

244 2029 322 2104 bus,
341 2029 536 2108 praepositae.

327 2133 358 2192 p.
373 2113 434 2178 285
446 2132 476 2173 v.
487 2117 518 2177 8.
561 2110 599 2170 de
612 2115 735 2172 cometis
746 2111 815 2191 lege'
830 2132 948 2195 qnoque
961 2123 1111 2189 nostrum,
1132 2114 1186 2173 lib.
1199 2113 1236 2174 de
1248 2133 1336 2173 men-

245 2199 327 2258 sibus
339 2217 371 2276 Ρ.
385 2198 426 2262 49
448 2202 501 2261 21.
523 2206 553 2255 ct
564 2198 597 2257 S.
609 2199 756 2258 Basiliam
766 2201 912 2278 Magnum
925 2198 962 2259 de
974 2196 1106 2266 humana
1120 2197 1228 2260 Christi
1242 2219 1337 2278 gene-

245 2284 358 2341 ratione
377 2287 390 2346 1
416 2283 528 2346 5921).

328 2386 360 2445 Ρ.
373 2369 434 2430 287
448 2386 477 2424 v·
494 2371 542 2430 11.
585 2363 683 2430 Icelon
703 2363 737 2429 δὲ
755 2362 798 2440 ὥς
809 2360 950 2448 Λιβύην]
972 2387 1007 2426 ea
1022 2388 1084 2429 non
1098 2389 1138 2428 ex
1153 2368 1337 2445 Campestris

245 2446 307 2507 hnc
327 2452 467 2507 translata
489 2449 543 2509 sed
565 2452 602 2509 ab
624 2454 690 2530 ipso
711 2450 799 2530 Lydo
820 2453 995 2530 interposita
1016 2454 1155 2528 arbitror,
1184 2447 1339 2531 usquead

247 2534 356 2608 verba,
378 2527 540 2612 ἆπάὖτῆς
552 2535 823 2615 ὁιακεχωρισμναι,
843 2555 873 2594 v.
889 2537 939 2597 18.

272 2632 274 2635 ’
333 2638 363 2696 Ρ.
378 2620 439 2680 289
454 2637 483 2678 v.
497 2620 527 2681 8.
568 2618 745 2694 cotelerius
767 2614 924 2694 δυνατοῖς]
946 2615 1052 2696 quales
1068 2627 1152 2676 erant
1167 2617 1274 2697 quibus
1289 2637 1340 2676 re-

248 2705 324 2764 stitit
349 2703 493 2761 Firmicus
517 2704 682 2778 Maternus,
705 2699 808 2761 causas
822 2720 913 2780 agens
925 2699 1080 2762 iudiciales
1099 2702 1247 2779 (canum
1267 2723 1340 2761 cora-

250 2789 374 2847 tent.oni
384 2817 386 2821 ·
398 2789 532 2868 iurgioaa
543 2788 724 2866 certamina)
731 2829 743 2858 ,
765 2795 926 2868 antequam
945 2784 984 2844 ad
1004 2787 1195 2866 astrologiam
1216 2807 1247 2847 se
1266 2807 1339 2846 con-

250 2873 350 2928 ferret.
374 2890 487 2950 semper
497 2877 589 2944 enim,
608 2874 705 2954 inquil
717 2871 759 2937 88
771 2873 810 2948 (l,
824 2873 968 2952 factiosis
978 2871 1148 2929 hominibus
1159 2884 1254 2929 erecta
1268 2893 1340 2930 con-

251 2957 364 3012 stantia
377 2960 506 3013 resistere
519 2957 713 3031 confidebam.
759 2959 802 3015 sic
817 2957 898 3014 enim
910 2955 953 3014 ibi
967 2951 1144 3033 legendum,
1165 2974 1227 3014 non
1248 2957 1340 3032 confi-

251 3038 374 3110 debunt,
395 3037 477 3118 quod
489 3038 599 3098 habent
612 3041 760 3118 vulgatae.
1347 3087 1351 3093 .

332 3140 365 3202 p.
377 3126 440 3188 290
454 3144 482 3182 v.
500 3126 549 3188 15.
591 3118 799 3204 Κομήτης.]
822 3139 930 3200 nempe
944 3123 995 3203 qni
1009 3115 1077 3184 κατ’
1089 3117 1195 3206 ἔξοχῆν
1212 3136 1340 3186 cometes

250 3219 386 3283 vocatur,
408 3219 440 3265 ut
456 3218 538 3289 patet
554 3228 594 3266 ex
609 3211 747 3288 proxime
762 3207 964 3288 sequentibus.

333 3312 363 3373 p.
378 3297 437 3357 291
452 3314 481 3352 r.
494 3298 514 3358 7
526 3296 596 3352 ima.
637 3289 865 3371 sublunarium]
889 3290 975 3350 detur
985 3293 1072 3350 venia
1087 3293 1176 3351 verbo
1189 3293 1339 3367 insolenti,

251 3387 283 3435 et
298 3375 378 3457 apud
392 3379 555 3456 locupletes
567 3377 688 3458 quidem
700 3388 834 3436 auctores
848 3375 929 3435 haud
943 3378 1040 3434 obvio.

335 3481 365 3542 Ρ.
380 3466 443 3525 292
455 3480 484 3520 v·
495 3465 525 3526 9.
567 3463 636 3543 περὶ
649 3468 710 3525 τοῖν
725 3457 877 3544 οὐρανίων
893 3457 1107 3542 διαλέγεσθαι]
1130 3462 1256 3520 conferri
1268 3480 1340 3540 pos-

252 3547 311 3604 sint
329 3566 405 3627 quae
424 3544 514 3604 habet
526 3545 655 3606 Michael
671 3549 779 3627 Glycas
794 3548 917 3625 epistola
932 3545 1043 3603 inedita
1061 3544 1100 3602 ad
1115 3547 1341 3606 Constantinum

251 3632 466 3710 Palaeolognm
480 3629 546 3690 cod.
562 3635 636 3709 Reg.
650 3636 711 3697 228
727 3632 780 3689 fol.
795 3634 836 3694 78
849 3641 926 3688 recto
940 3665 977 3674 -
993 3630 1034 3694 85
1046 3651 1140 3701 verso,
1160 3632 1218 3689 inc.
1263 3631 1291 3691 al
1308 3625 1341 3690 δὲ

251 3714 302 3775 sul
326 3711 527 3791 ἀπαιδεύτους
545 3713 586 3777 soi·
602 3722 675 3777 θεῖα
694 3715 746 3776 καὶ
770 3709 923 3794 ἀμυήτους
940 3710 1037 3788 τινάς·
1058 3718 1089 3772 in
1110 3735 1168 3795 qua
1185 3719 1341 3792 impugnat

252 3797 348 3856 fatum
369 3798 443 3880 (τήν
460 3798 660 3881 εἱμαρμένην)
683 3809 712 3856 et
725 3799 1023 3877 praedestinationem
1045 3796 1116 3879 (τὸν
1130 3797 1341 3880 προορισμόν).

252 3902 324 3940 nam
339 3883 435 3943 sidera
449 3885 570 3966 quidem
583 3894 760 3964 potestatem
774 3883 882 3944 habere
897 3884 1092 3965 portendendi
1104 3887 1204 3942 futura
1226 3881 1257 3958 (ὅ
1269 3880 1342 3956 &tog

256 3961 295 4030 οὐ
316 3962 408 4047 μόνον
427 3970 458 4032 ἕν
478 3964 620 4050 ἄστρᾶσιν
633 3963 707 4032 oillei
721 3967 772 4031 καὶ
786 3968 818 4031 ἐν
829 3968 904 4050 ἡμῖν
917 3965 1018 4042 αὐτοῖς
1034 3969 1119 4032 ἔθετο
1134 3974 1266 4046 capsim:
1289 3966 1341 4026 sed

256 4051 294 4109 de
318 4055 424 4132 quibus
445 4075 703 4133 praemoneamur,
727 4074 762 4111 ea
779 4056 887 4113 virtute
904 4066 1004 4114 nostra
1023 4057 1115 4112 averti
1134 4072 1231 4130 posse.
1274 4055 1341 4110 uni-

256 4158 340 4195 verse
355 4150 466 4215 pugnat
481 4137 672 4198 veliementer
685 4158 738 4217 pro
748 4138 843 4196 libero
857 4141 994 4197 arbitrio:
1013 4141 1132 4218 gratiae
1153 4137 1200 4216 (nt
1212 4137 1341 4216 loquun-

255 4233 310 4280 tur
317 4221 463 4302 theologi)
484 4226 597 4281 nullam
609 4245 729 4304 prorsus
745 4225 925 4284 mentionem
941 4226 1020 4282 facit.
1066 4223 1169 4278 iccirco
1183 4233 1282 4279 eutem
1293 4243 1341 4279 ar-

253 4307 347 4364 bitror
365 4305 438 4364 haac
457 4327 473 4364 a
491 4308 583 4386 Glyca
596 4321 676 4367 tanta
693 4311 880 4367 contentione
902 4309 1062 4386 disputari,
1087 4305 1167 4385 quod
1190 4318 1342 4366 accusatus

254 4395 293 4450 sit
307 4395 425 4474 magiae
441 4401 469 4450 et
485 4395 678 4473 astrologiaet
700 4393 780 4454 unda
798 4405 827 4453 et
841 4397 988 4452 Manuelis
1002 4393 1146 4450 Comneni
1160 4394 1231 4472 imp.
1246 4391 1343 4452 offen·
