3125 4959
251 428 362 478 rann
733 411 869 490 Fossn

252 620 378 693 uterque
396 607 588 672 emendatum
608 620 727 672 textum
751 612 906 693 legerunt,
927 610 965 671 sb
987 610 1086 693 iisque
1105 604 1274 671 admonitus
1286 626 1346 669 sorr

252 716 346 775 semel
362 723 414 774 aut
429 714 535 774 vitium
549 713 674 796 abquod
686 735 747 775 uon
762 714 1004 776 animadversum
1019 714 1156 774 intellexi
1173 723 1225 773 ant
1238 714 1346 794 proba-

250 817 343 877 bilius
361 818 507 896 corrigere
523 828 645 879 constris
658 837 737 879 sum.
779 837 859 900 quae
873 837 945 878 vero
961 837 1051 897 opere
1062 818 1125 877 iam
1137 814 1254 897 pridem
1266 816 1345 895 typis

251 939 363 979 excuso
380 918 566 979 emendanda
583 938 738 1001 superesse
756 918 838 996 vidi,
859 940 895 980 es
910 940 972 981 rme
986 940 1055 981 cum
1069 916 1189 981 mendis
1203 928 1345 1001 typogra-

248 1019 345 1102 phicis
361 1020 401 1082 ad
415 1032 585 1082 extremum
599 1024 736 1103 opusculi
749 1021 890 1083 indicari.

332 1177 368 1236 tu
394 1177 475 1237 vitiis
506 1186 607 1236 sutem
632 1174 816 1257 corrigendis
843 1174 923 1236 harac
947 1175 1012 1235 fere
1041 1175 1190 1235 rationem
1214 1163 1346 1233 serviri:

87 1298 114 1349 p.
127 1292 232 1334 cxxxiv
249 1277 491 1355 emendationes,
512 1276 551 1339 de
571 1279 680 1361 quibus
701 1278 833 1339 dubitari
844 1300 905 1339 non
916 1288 1036 1359 posset,
1057 1279 1090 1365 in
1104 1286 1224 1337 textum
1237 1273 1343 1353 recepi,

248 1382 353 1441 ceteris
370 1382 403 1440 iu
423 1382 502 1441 notis
523 1392 642 1441 tantum
664 1382 837 1463 propositis.
878 1382 912 1439 in
936 1378 1047 1439 iisdem
1070 1376 1243 1437 emendatas
1260 1396 1278 1435 a
1295 1395 1345 1434 ms

250 1480 360 1543 codicis
386 1484 531 1544 lectiones
560 1485 678 1560 notavi,
706 1485 841 1563 exceptis
859 1502 935 1565 quas
953 1482 1074 1541 nonnIsi
1094 1482 1255 1560 scripturae
1273 1478 1344 1537 vitio

248 1585 385 1644 laborare
407 1587 570 1647 constabat.
612 1585 703 1646 huius
722 1588 840 1665 generis
859 1582 989 1645 mendae
1005 1585 1038 1642 in
1056 1579 1158 1642 codice
1172 1584 1344 1640 innumerae

249 1686 459 1763 occurrebant,
480 1689 565 1748 nullo
588 1690 701 1769 passim
721 1690 801 1749 inter
821 1685 958 1748 eiusdem
970 1687 1037 1747 soni
1049 1673 1168 1745 vocales
1181 1680 1346 1763 diphthon-

246 1807 362 1870 gosqns
376 1787 546 1849 discrimine
561 1801 690 1851 serrato.
734 1789 862 1850 eandem
878 1791 943 1851 sive
957 1789 1158 1870 ignorantiam
1171 1788 1234 1847 sive
1247 1784 1345 1863 negli-

246 1894 380 1972 gentium
399 1893 432 1951 iu
447 1902 571 1951 accentu
587 1890 823 1960 animadvertere
840 1894 927 1968 licet,
955 1892 989 1951 in
1009 1910 1069 1973 quo
1086 1890 1260 1969 saepissime
1273 1905 1345 1966 pec-

246 2002 364 2069 catum3
385 1994 447 2053 imo
459 1996 563 2055 multis
576 1995 667 2073 locis,
689 1996 742 2056 ubi
756 2015 837 2054 nuuc
854 1992 1058 2068 desideratur,
1079 1992 1201 2051 ormrino
1215 1988 1344 2049 defuisse

244 2094 374 2156 ridetur.
416 2094 456 2156 sd
477 2120 497 2161 ν
518 2092 732 2179 ἔφελκυστικόν
752 2116 824 2158 vem
844 2094 926 2178 quod
946 2095 1068 2170 attinet,
1088 2092 1209 2151 tametsi
1226 2087 1348 2149 credere·

245 2215 307 2254 non
335 2199 432 2257 ausim
457 2198 537 2260 hauc
558 2202 679 2261 literam
699 2218 761 2259 non
783 2196 844 2257 nisi
868 2178 972 2256 eorurd
994 2196 1048 2277 qui
1068 2214 1144 2275 opus
1164 2192 1343 2272 descripsere

175 2362 178 2368 ,
246 2298 335 2378 culpe
359 2310 429 2358 ante
455 2312 652 2361 consonantes
675 2318 738 2359 non
757 2304 859 2360 minus
880 2318 970 2380 saepe
986 2306 1077 2378 atque
1094 2307 1163 2356 ants
1177 2296 1295 2357 vocales
1311 2295 1346 2352 iu

245 2396 347 2459 codice
371 2402 511 2481 reperiri,
537 2403 634 2474 malui
654 2412 773 2479 tamen,
800 2403 930 2463 aliorum
950 2402 1093 2478 oonsilio,
1119 2402 1153 2459 in
1171 2419 1204 2459 re
1224 2396 1343 2457 levioris

244 2504 392 2562 momenti
406 2514 582 2564 consuetum
597 2501 747 2564 editorum
759 2523 878 2565 morem
890 2504 986 2585 sequi.
1029 2512 1163 2562 ceterum
1176 2510 1295 2561 textum
1309 2496 1342 2556 in

244 2604 336 2665 libros
349 2614 379 2663 et
392 2606 488 2686 capitu
501 2602 632 2667 divisum
644 2604 840 2687 paragraphis
854 2608 978 2686 insuper
990 2600 1135 2663 distinxi:

81 2788 109 2843 p.
134 2784 230 2827 mxv
328 2758 414 2819 Notis
429 2755 469 2817 ad
481 2768 600 2819 textum
615 2756 839 2819 emendandum
851 2754 1170 2839 interpretandnmque
1182 2749 1344 2834 spectanti·

245 2859 302 2920 bus
321 2860 412 2938 elias,
436 2861 545 2943 quibus
567 2882 615 2923 res
637 2864 872 2938 illustrarentur,
901 2859 1013 2921 addere
1034 2859 1263 2921 constitueram
1289 2849 1343 2913 sed

245 2968 321 3021 mo'x
345 2962 543 3025 anirnadrerti
564 2966 662 3025 meins
682 2982 701 3023 a
721 2984 772 3023 me
795 2982 887 3045 quam
906 2985 962 3047 pro
982 2966 1043 3025 otio
1063 2981 1133 3023 meo
1151 2977 1228 3038 opus
1242 2974 1344 3015 susce·

246 3073 351 3145 ptum:
372 3065 474 3146 itaque
496 3077 613 3126 mutato
636 3070 790 3147 proposito
808 3069 1004 3148 panduimas
1021 3063 1112 3123 huius
1128 3059 1245 3140 generis
1257 3066 1344 3116 notes

247 3167 386 3246 inspersi.
427 3175 583 3226 auctorum
597 3176 699 3226 tamen
714 3170 782 3228 loca
797 3188 817 3228 a
830 3168 918 3249 Lydo
931 3165 1055 3227 laudata
1071 3162 1222 3246 quaesivi,
1241 3153 1345 3240 reperss

244 3278 337 3350 taque
352 3277 404 3329 snt
415 3270 495 3329 notis
508 3268 622 3329 inserari
638 3279 690 3329 sut
705 3279 783 3328 certe
796 3267 939 3330 indicari.
979 3278 1099 3350 praeter
1110 3262 1230 3326 laudata
1243 3272 1343 3321 autem

245 3371 312 3431 loca
335 3372 394 3430 slis
416 3389 536 3453 qnoque
559 3390 622 3431 non
645 3368 747 3432 addito
771 3373 900 3433 auctoris
916 3373 1040 3431 nomine
1058 3378 1230 3442 occurrunt,
1251 3363 1344 3425 veluti

244 3472 336 3531 verba
359 3466 432 3536 οὐδ’
453 3472 486 3537 ἐν
507 3470 584 3559 λόγῳ
606 3466 678 3537 orid’
695 3471 729 3539 lv
746 3467 872 3563 ἇριθμῷ
897 3472 949 3555 (ρ.
971 3477 1033 3539 211
1061 3474 1135 3555 16),
1170 3488 1248 3552 <1⁰⁸0
1274 3475 1344 3527 tuni

244 3592 314 3653 pars
328 3576 439 3634 oraculi
454 3574 537 3657 qnod
551 3574 638 3634 affert
655 3572 832 3638 scholiastes
849 3576 888 3638 ad
902 3575 1060 3638 Theocriti
1071 3573 1117 3634 ld.
1132 3572 1174 3638 24
1190 3591 1221 3631 r.
1234 3569 1293 3645 483
1315 3577 1345 3628 et

228 3675 337 3735 rerba
352 3676 412 3741 tter
425 3674 459 3741 dl
470 3672 631 3762 χρημάτων
649 3688 705 3738 etc.
735 3678 786 3759 (p.
802 3677 865 3744 246
884 3679 962 3761 17),
990 3697 1066 3759 quse
1091 3686 1175 3756 patet
1194 3696 1212 3733 e
1231 3674 1345 3731 Demo·

245 3774 359 3838 sthenis
382 3780 505 3862 Olynth.
526 3788 542 3846 1
568 3784 661 3861 petita
682 3793 764 3855 esse,
785 3781 839 3839 ubi
858 3781 968 3859 legitur
989 3780 1039 3842 dei
1056 3775 1095 3859 dri
1108 3770 1273 3860 ’χρημάτων
1288 3785 1345 3833 eto·

245 3896 322 3960 quac
338 3876 398 3940 duo
413 3902 479 3944 sero
493 3882 700 3944 anirnsdrersa
717 3878 768 3938 hic
782 3889 925 3939 annotare
939 3881 1038 3956 iuvat,
1059 3882 1182 3956 ceteris,
1202 3897 1279 3960 quse
1296 3895 1346 3933 re-

244 3982 342 4061 perire
363 3986 463 4061 potui,
487 4004 542 4045 suo
564 3987 631 4046 loco
655 3982 805 4044 indicatis.
847 3991 893 4041 est
912 3984 1036 4042 omnino
1057 3980 1162 4061 Lydus
1180 3980 1295 4039 multus
1312 3975 1346 4033 ist

243 4093 379 4144 veterum
395 4088 573 4165 scriptorum
585 4089 677 4162 locis,
700 4104 797 4167 quse,
819 4083 896 4143 olim
904 4086 992 4161 lecta,
1016 4085 1179 4162 memoriae
1194 4082 1259 4138 sius
1272 4096 1345 4136 oon·

79 4204 109 4260 ps
120 4202 227 4247 amvi
243 4186 312 4245 insa
329 4184 579 4265 obversabantur,
600 4185 790 4269 usurpandis.
833 4185 966 4246 iudicem
984 4206 1105 4268 qnoque
1123 4166 1346 4261 auctorumpe-

246 4291 390 4349 culierem
414 4285 527 4366 adieci;
565 4293 679 4371 qnippe
706 4300 737 4350 et
763 4286 895 4350 indicem
917 4308 1018 4349 rerum
1040 4305 1170 4369 eumque
1192 4286 1346 4365 copiosum

245 4393 371 4453 conieci.
