3125 4959
241 434 300 481 mv
582 409 694 478 nasu
715 408 773 477 DE
793 407 1001 477 OSTENTIS

241 613 523 697 generaliterarum
539 610 721 669 Graecarum
737 618 805 668 tum
821 628 892 669 vero
906 611 940 667 in
952 603 1185 688 palaeograpbia
1205 607 1340 687 apprime

242 732 391 811 eruditus,
420 729 546 790 d'Ausse
570 726 607 788 de
628 730 792 805 Villoison‚
824 747 893 787 cnm
912 730 1054 789 scriberet
1071 728 1288 806 Prolegomena
1300 724 1340 784 ad

241 851 331 915 Iliad.
347 872 377 931 p.
390 870 466 911 xnvr
480 847 613 909 codicem
626 849 817 908 caseolinnm
833 849 904 907 rino
921 849 965 907 ita
985 856 1156 926 corruptam
1175 866 1239 905 esse
1254 859 1288 903 nt
1300 846 1341 902 li-

244 984 376 1033 terarum
396 969 502 1029 ductus
518 970 572 1027 virt
585 969 707 1049 agnosci
722 969 859 1049 quirent,
881 985 1010 1047 eumque
1022 968 1055 1024 in
1069 964 1146 1023 cella
1158 966 1272 1023 maaria
1285 982 1341 1043 po·

244 1093 304 1149 tius
321 1090 463 1171 quamin
478 1086 658 1147 bibliotheca
670 1099 854 1148 asservatum
867 1106 932 1147 esse
945 1083 1052 1144 videri.
1095 1093 1126 1143 et
1136 1085 1201 1163 ipse
1215 1066 1342 1142 arbitra-

243 1210 299 1269 bar
317 1208 405 1281 olim,
428 1209 547 1267 intuens
573 1209 684 1287 primas
700 1207 852 1288 pagellas,
874 1224 977 1265 earnm
989 1203 1082 1264 verba
1094 1204 1195 1262 omnia
1213 1204 1247 1260 in
1261 1204 1342 1261 inte-

245 1346 333 1407 grum
346 1329 500 1386 restituere
515 1327 580 1404 opis
595 1345 656 1385 non
668 1345 734 1387 esse
745 1334 875 1385 nostrae.
918 1322 973 1384 sad
994 1325 1046 1403 (nt
1058 1323 1111 1403 fit)
1132 1324 1198 1401 ipsa
1211 1318 1342 1408 difficul-

245 1456 290 1505 tas
302 1445 482 1504 incendebat
494 1441 533 1502 ad
546 1442 734 1503 tentandum.
775 1445 820 1502 ita
831 1443 915 1502 foliis
936 1443 991 1524 (nt
1002 1462 1027 1501 c.
1040 1446 1060 1507 8
1076 1440 1190 1500 dictam
1203 1438 1266 1519 est)
1287 1458 1342 1498 suo

245 1563 351 1625 ordine
383 1564 551 1639 collocatis,
580 1564 678 1643 primo
704 1582 780 1645 quae
807 1563 871 1643 legi
894 1571 1033 1644 poterant
1057 1559 1201 1639 descripsi
1226 1568 1342 1618 cuncta.

246 1681 356 1742 deinde
378 1703 419 1741 ex
441 1680 490 1741 his
511 1684 769 1763 qualibuscunque
794 1682 929 1762 reliquiis
944 1682 1125 1738 sententiam
1138 1678 1272 1758 aliquam
1285 1696 1343 1759 εζ-

245 1804 369 1881 piscari,
391 1802 546 1859 restituere
567 1800 674 1875 verba,
695 1800 819 1858 lacuum
836 1800 973 1877 ingentes
986 1798 1109 1877 explere
1127 1807 1249 1857 mustus
1265 1815 1342 1871 suan,

245 1920 336 1999 spatii
355 1920 546 1979 exactissima
566 1921 680 1978 ratione
699 1914 813 1975 habita.
856 1936 917 1998 qua
935 1916 1043 1977 eadem
1059 1920 1177 1977 ratione
1198 1912 1342 1995 (opinor)

244 2042 278 2097 in
296 2038 433 2119 legendis
452 2048 718 2115 monumentorum
734 2045 871 2094 veterum
884 2034 1145 2114 inscriptionibus,
1165 2036 1298 2116 itemque
1309 2034 1343 2093 in

244 2155 436 2239 restituendis
449 2158 535 2217 libris
546 2153 833 2227 Herculanensibue‚
855 2162 901 2211 est
912 2149 1067 2213 utendum.
1109 2156 1229 2212 tametsi
1250 2152 1344 2234 (haec

246 2285 349 2334 contra
361 2294 411 2333 me
423 2277 488 2355 ipse
503 2272 587 2333 dico:
610 2276 721 2355 quippe
736 2282 876 2355 quantum
889 2270 1072 2333 difficultatis
1086 2271 1200 2333 accedit
1210 2271 1343 2347 lectioni,

128 2411 157 2466 p·
173 2408 230 2449 vm
248 2402 367 2453 tantum
389 2393 593 2474 probabilitati
613 2394 836 2453 restitutionum
858 2412 996 2452 mearum
1020 2390 1156 2472 adeoque
1180 2365 1346 2450 auctoritati

246 2514 386 2575 editionis
403 2490 588 2592 detrahitur)
608 2514 642 2570 in
659 2511 823 2571 Herculani
835 2510 1041 2569 voluminibus
1054 2510 1211 2590 titulisque
1225 2507 1345 2590 lapida-

224 2625 226 2628 ’
245 2634 301 2693 riis
321 2629 460 2711 legendis
480 2632 598 2707 mirans,
617 2632 677 2689 nisi
699 2627 773 2711 qnid
790 2648 841 2688 ms
855 2629 959 2704 fallit,¹
971 2643 1114 2707 operosus
1127 2628 1284 2711 inanisque
1294 2630 1344 2687 la-

246 2753 303 2812 bor
317 2732 373 2811 est.
413 2751 463 2810 fac
477 2751 634 2810 evanuisse
647 2749 762 2832 aliquot
775 2748 909 2809 unciales
921 2723 1043 2809 literas}
1063 2766 1132 2807 cum
1145 2748 1205 2807 sint
1217 2719 1297 2806 inter
1310 2766 1345 2806 ss

247 2870 388 2952 aequales
400 2890 496 2951 paene
509 2889 615 2930 omnes
627 2865 852 2949 magnitudine,
873 2887 915 2928 ex
927 2868 1029 2927 areola
1043 2886 1153 2943 vacua,
1177 2884 1238 2946 qna
1251 2860 1345 2945 patet,

248 2987 288 3047 de
308 2988 504 3049 evanidamm
523 3009 648 3050 numero
670 2990 840 3049 coniectura
858 3006 951 3067 prope
970 2995 1050 3044 certa
1070 2983 1141 3043 duci
1161 2994 1270 3064 potest.
1311 2986 1345 3045 in

245 3118 347 3168 nostro
372 3105 490 3184 codice,
512 3105 553 3167 ad
571 3108 708 3188 regulam
729 3116 760 3166 et
778 3107 893 3165 lineam
912 3104 1050 3185 quamvis
1065 3114 1219 3183 perarata,
1240 3124 1346 3165 versus

246 3224 373 3311 quidem
393 3229 457 3287 sire
478 3229 579 3289 lineae
598 3230 631 3288 in
647 3226 775 3309 pagellis
792 3226 921 3305 singulis
934 3243 1085 3306 nusquam
1100 3227 1258 3304 pauciores
1274 3234 1346 3283 sunt

247 3364 342 3428 quam
359 3348 400 3409 30
416 3356 468 3405 sut
483 3349 587 3430 plures
604 3367 696 3431 quam
713 3351 772 3412 822
793 3344 1013 3407 sedliterarum
1029 3365 1173 3405 numerus
1191 3346 1224 3403 in
1239 3346 1346 3422 singu-

246 3465 286 3525 lis
299 3465 436 3526 versibus
451 3461 550 3525 differt
561 3467 742 3547 plurimum,
762 3486 824 3526 non
839 3468 940 3526 miuus
958 3476 1037 3526 certe
1051 3484 1145 3546 quam
1163 3463 1196 3520 iu
1212 3458 1279 3521 cod
1295 3482 1347 3521 re-

247 3585 356 3663 scripto
371 3581 572 3645 bibliothecae
587 3585 757 3665 capitularis
770 3586 965 3660 Veronensis,
986 3593 1114 3643 testante
1130 3583 1194 3641 viro
1209 3602 1345 3642 summae
1445 3646 1454 3657 ,

246 3698 422 3782 diligentiae
435 3702 671 3787 eruditionisque
685 3705 857 3784 singularis,
872 3701 1023 3763 Friderico
1038 3701 1203 3779 Goeschen,
1217 3702 1346 3783 praefat.

247 3818 288 3881 ad
303 3821 371 3881 Gaii
383 3823 523 3882 institutt.
535 3845 568 3906 p.
582 3844 671 3885 xxva.
714 3826 747 3885 in
760 3825 913 3906 plerisque
928 3794 1031 3884 tamen
1046 3826 1181 3885 versibus
1197 3820 1348 3881 habentur

247 3944 352 4004 literae
367 3942 576 4026 quadragenae
591 3955 714 4005 octonae
731 3955 784 4005 ant
798 3946 1046 4026 quinquagenae:
1068 3943 1123 4007 sed
1138 3963 1192 4004 eae
1207 3951 1237 4001 et
1251 3940 1346 4001 cursi-

246 4082 304 4123 vae
318 4066 383 4124 fere
397 4074 477 4141 aunt,
502 4035 532 4122 et
545 4082 635 4142 saepe
647 4066 679 4122 in
692 4065 752 4123 fine
767 4084 910 4126 ramnum
920 4066 1011 4145 paulo
1023 4065 1196 4145 pressiores,
1218 4071 1248 4119 et
1262 4080 1346 4121 oom-

243 4181 359 4263 pendio
376 4182 527 4246 scribendi
541 4202 603 4243 nnc
619 4192 649 4241 et
661 4183 755 4245 altero
767 4186 964 4247 intermistae.
1007 4193 1149 4243 exemtus
1162 4178 1268 4242 eadem
1280 4184 1347 4263 ipsa

248 4321 311 4364 vox
328 4322 409 4363 nnnc
423 4305 486 4365 suis
503 4304 599 4365 literis
616 4322 696 4363 nunc
712 4306 800 4384 siglo.
843 4306 893 4364 vel
909 4305 942 4361 in
958 4304 1068 4363 lacuna
1084 4304 1177 4365 trium
1192 4306 1348 4365 literarum
