3125 4959
269 432 316 489 nx
604 416 717 489 HlSll
739 416 799 489 llll
822 417 1030 490 osmms

268 638 300 699 p.
308 616 371 685 295
389 618 445 683 182
462 612 512 683 lssl
522 614 580 701 τὴν
591 616 735 703 βασιλέως
746 616 813 703 ἥξει
825 614 935 703 zdoev,
948 617 1134 701 apertissime
1146 614 1278 681 iudicare
1285 599 1364 680 Cne-

268 756 371 797 sarum
380 734 481 797 firmes
492 739 555 798 iem
563 757 598 798 ec
605 737 726 799 stabiles
734 758 824 819 opes3
838 733 918 827 αυίᾔ
928 743 968 827 τῇ
981 740 1115 823 perum
1124 738 1175 805 sel
1189 745 1253 815 τοῖς
1266 733 1364 821 ederit

181 870 254 911 ”¹¹1
269 856 394 933 virtuose,
405 855 506 937 peto
523 854 572 934 1⁵,
585 857 682 918 vereri
695 877 728 919 ee
741 867 776 920 nt
789 860 877 920 aliter
885 860 980 940 accipi
990 861 1086 940 possit
1092 879 1185 943 quem
1192 856 1230 919 de
1237 860 1364 939 coniuge

268 978 456 1059 imperatoris
469 978 592 1058 eiusque
604 975 718 1039 liberis.
740 995 818 1059 quae
832 977 972 1061 legentur
983 999 1015 1061 p.
1022 982 1085 1047 287
1091 982 1135 1040 in.
1149 976 1188 1039 de
1196 977 1275 1038 bello
1280 976 1365 1037 Airi-

269 1116 362 1171 ceno,
393 1105 510 1154 tentum
529 1091 568 1155 de
587 1094 730 1157 Vandalis
754 1108 900 1181 quantum
923 1096 961 1157 de
979 1099 1089 1159 Poenis
1109 1117 1198 1179 posse
1218 1095 1365 1174 intelligi3

221 1297 222 1300 Ἴ
269 1236 387 1299 queep.
398 1212 461 1280 347
477 1212 498 1278 4
520 1212 568 1296 (οἶ
582 1216 674 1297 δῆμοι
690 1237 718 1278 ss.
729 1238 757 1279 s.
769 1213 823 1297 1.),
844 1214 883 1276 de
896 1218 1011 1277 Veneta
1022 1217 1206 1298 Presiuaque
1218 1216 1365 1275 fectionsz

268 1338 341 1419 quin
356 1337 417 1395 imo
436 1353 513 1416 quae
526 1338 627 1416 pilo
642 1338 662 1400 8
678 1332 717 1394 ed
732 1336 890 1397 Decembr.
899 1339 929 1413 3,
952 1333 990 1395 de
1003 1336 1101 1396 cernis
1114 1355 1168 1396 eeu
1180 1334 1300 1415 legibus
1312 1351 1367 1392 ec·-

268 1456 378 1515 clesiae
393 1452 571 1531 interdict03
592 1473 670 1537 quae
683 1476 714 1535 p·
727 1455 809 1531 832,
831 1454 870 1515 de
886 1452 1009 1515 dissidio
1025 1455 1179 1536 religionis
1193 1472 1282 1515 causa
1298 1452 1368 1511 exi-

270 1585 378 1636 stente.
421 1594 477 1654 ego
496 1572 537 1631 ad
549 1570 625 1632 haec
638 1573 756 1654 singule
765 1573 844 1635 nibil
855 1573 954 1636 babeo
967 1572 1084 1635 dicere:
1103 1585 1223 1634 tentum
1237 1574 1322 1633 abest
1331 1578 1367 1629 ut

269 1692 350 1775 nydi
364 1693 585 1753 lucubrationes
596 1698 716 1774 praeter
728 1692 855 1755 modum
866 1696 1013 1756 extollere
1021 1689 1183 1767 laudando,
1203 1692 1366 1771 levareque

270 1814 455 1893 suspiciones
472 1823 562 1896 etque
580 1813 618 1874 eb
635 1814 690 1875 illo
704 1834 859 1876 mmcvere
871 1817 975 1877 velim.
1018 1813 1139 1876 editoris
1152 1810 1308 1891 proprium
1319 1817 1366 1867 est

270 1932 404 2011 officium
422 1931 554 1992 iudicare
566 1934 631 1993 sine
646 1933 825 2013 cupiditate,
845 1947 898 1997 aut
910 1938 937 1997 si
949 1937 1015 2015 ipse
1028 1932 1174 1993 iudicium
1186 1928 1306 1987 nullum
1315 1927 1367 1984 in-

270 2060 417 2130 terponat,
440 2052 484 2109 sio
498 2061 577 2110 certe
590 2061 741 2110 auctorem
754 2049 872 2110 tradere
882 2054 915 2109 in
928 2072 1045 2127 menos,
1066 2060 1101 2110 ut
1109 2051 1143 2109 in
1157 2069 1194 2108 eo
1204 2043 1367 2107 iudicando

274 2170 391 2229 elucere
403 2172 497 2249 possit
510 2171 642 2251 religiosi
654 2189 689 2229 ec
702 2170 845 2250 sapientis
854 2170 974 2231 lectoris
983 2168 1153 2251 prudentie.
1194 2177 1313 2243 tamen,
1332 2176 1368 2226 ut

271 2285 311 2346 ed
324 2290 476 2369 superiore
489 2290 543 2348 ille
559 2300 650 2372 queat
663 2291 759 2351 lector
772 2290 888 2373 aliquid
900 2288 1091 2370 respondere,
1110 2288 1268 2350 sublicium
1280 2283 1367 2365 heac,

270 2408 398 2468 forteese
419 2406 541 2491 Lydum
565 2429 583 2469 e
604 2409 689 2470 libris
710 2407 911 2491 haruspicinis
931 2410 1146 2490 ritualibusque
1164 2408 1306 2484 selegisse
1330 2403 1374 2467 αι’

270 2530 463 2607 potissimum
484 2547 562 2611 quee
582 2503 694 2589 adsue
715 2548 837 2610 quoque
855 2539 991 2607 tempore
1009 2529 1204 2605 regionesque
1220 2523 1278 2581 sibi
1293 2539 1367 2599 pro·

269 2648 400 2725 pinques
422 2646 644 2707 accommodari
662 2645 885 2729 quodammodo
899 2664 989 2725 posse
1007 2644 1211 2715 existimaret3
1230 2647 1366 2734 praeter-

269 2766 388 2824 misisse
402 2774 504 2825 auteur
519 2765 662 2823 consulto·
672 2774 775 2823 vetere
788 2764 844 2822 ille
859 2761 1023 2823 admodum
1039 2764 1180 2843 entique,
1202 2759 1367 2839 spectantia

270 2884 321 2941 vel
335 2881 375 2942 ed
389 2894 493 2964 gentes
507 2885 613 2944 Italiae
621 2928 640 2960 „
651 2885 773 2966 Aequos
785 2886 909 2945 betium
922 2885 1073 2945 Samnites
1085 2884 1224 2942 Picentes
1237 2881 1366 2955 Tuscos,

155 3029 185 3084 p.
202 3026 254 3066 m
270 3003 321 3062 rel
334 3001 374 3063 ed
391 3001 679 3065 administretiouem
692 3005 735 3063 rei
747 3002 887 3084 publicae
907 3002 946 3063 de
968 3004 1097 3064 comitiis
1121 3001 1274 3081 auspicato
1298 2996 1366 3059 edi-

270 3120 373 3182 cendie
391 3122 537 3184 obeundis
559 3120 760 3201 dimittendis,
780 3126 832 3184 vel
852 3122 892 3183 ed
911 3124 979 3184 loce
993 3133 1137 3203 augurata
1149 3124 1229 3182 balii
1241 3122 1366 3202 agrique

270 3243 409 3318 Romani,
429 3242 582 3301 Albanum
595 3253 739 3318 montem,
761 3244 864 3302 lucum
881 3242 1254 3333 Maricaeannilustrum,
1276 3238 1367 3300 aedes

269 3363 410 3421 urbenea.
453 3378 530 3441 quae
542 3370 578 3419 ut
591 3360 678 3419 uobis
690 3360 817 3419 fuissent
831 3365 1050 3440 acceptissime,
1071 3362 1114 3421 ite
1129 3363 1250 3422 Graecis
1263 3359 1365 3419 bomi-

269 3484 358 3542 nibus
373 3481 486 3542 saeculi
501 3496 546 3554 vr,
567 3497 668 3537 rerum
678 3479 850 3539 Italicarum
862 3478 1078 3541 incredibiliter
1091 3472 1225 3559 rudibus,
1245 3475 1365 3539 fastidia

270 3620 305 3660 ac
323 3612 457 3661 monstra
475 3598 623 3659 debebant
639 3596 745 3660 rideri.

212 3715 253 3779 10
357 3718 512 3779 Interdum
530 3738 650 3802 quoque
672 3718 815 3802 (opinor)
834 3738 882 3794 res
898 3719 1012 3800 priscas
1027 3719 1180 3781 vocubulis
1193 3716 1279 3777 novis
1292 3733 1365 3773 suo·

269 3859 328 3922 qne
339 3849 474 3918 tempore
486 3842 603 3900 usitetis
616 3839 793 3900 obscuravit.
821 3839 906 3898 velut
918 3842 1020 3919 p.309
1036 3842 1077 3904 10
1095 3842 1127 3898 iu
1139 3832 1251 3915 Nigidii
1262 3831 1364 3910 Figuli

268 3960 372 4020 Dianio
389 3960 542 4019 tonitruali
554 3982 601 4019 res
614 3959 748 4019 urbanos
761 3959 887 4017 vertisse
902 3955 1021 4018 videtur
1033 3958 1093 4032 sic,
1114 3950 1151 4018 ecl
1173 3956 1228 4032 τῆς
1248 3950 1365 4032 duoru-

269 4081 324 4155 doc
338 4072 466 4153 πόλεως,
490 4081 610 4138 temetsi
624 4076 672 4138 hie
684 4078 844 4159 postremis
857 4079 956 4139 verbis
971 4079 1076 4137 Graeci
1091 4072 1210 4135 soeculo
1221 4072 1365 4131 iustinia-

267 4220 326 4261 neo
341 4217 402 4261 non
416 4201 545 4259 Romam
562 4200 667 4259 urbem
687 4195 741 4257 sed
760 4198 878 4279 cpolim
894 4199 1010 4258 soleant
1025 4194 1191 4272 designare.
1234 4188 1365 4273 deniqne

267 4323 393 4383 minime
405 4322 516 4381 mirum
529 4320 655 4381 fortasse
669 4317 758 4379 debet
771 4316 868 4379 videri
880 4318 931 4380 sel
944 4314 983 4377 de
996 4316 1157 4375 Caesarum
1167 4309 1230 4372 feto
1241 4312 1366 4374 obscure
