3125 4959
627 479 685 545 DE
710 480 930 549 osruurls.
1053 535 1055 540 ,
1255 484 1331 556 277

310 642 340 709 4.
383 639 525 726 Σιτουδή
554 639 591 708 δὲ
616 639 698 727 ήμῖν
717 640 807 711 ἐστίν
829 644 934 711 είτιεῖν
954 644 1028 727 τιερί
1048 666 1084 712 τε
1102 640 1252 729 ήλιακῶν
1272 646 1331 714 ιιαλ

224 750 429 830 σεληνιακῶν
449 742 714 831 ἐκισκιασμύτων
743 742 855 828 (οὕτω
875 745 941 832 γάρ
961 745 1021 826 τάς
1041 746 1242 829 ἐκλειπτικὰς
1262 753 1330 815 τῶν

224 844 347 931 φοίτων
373 842 561 933 ὀλισθήσεις
590 845 710 915 ἐκεῖνοι
736 852 913 930 καλοῦσι),
941 854 1096 937 κομητῶν
1125 873 1159 917 τε
1186 850 1243 918 καί
1270 855 1330 938 τῆς

223 946 298 1016 κατ’
327 944 451 1027 αύτούς
487 950 675 1035 διαφοραῖς,
711 945 927 1038 αύλακισμῶν
960 974 996 1020 τε
1028 951 1086 1019 καί
1118 948 1331 1033 διαττύντων,

197 1048 401 1137 σῶστραττῶν
426 1074 460 1118 τε
486 1050 544 1119 καί
572 1052 728 1136 βροντῶν
756 1053 813 1121 καί
838 1058 1014 1139 κεραυνῶν
1041 1052 1099 1121 καί
1124 1057 1190 1121 τῶν
1216 1052 1330 1122 ἀλλων

222 1149 341 1237 ἀερίων
364 1157 586 1240 τερατισμῶν,
613 1153 669 1222 καί
688 1153 727 1224 τύ
747 1154 790 1242 δή
809 1154 913 1240 τιέρας
933 1156 1009 1240 κερλ
1031 1160 1175 1241 σεισμῶν
1194 1155 1251 1223 κοιλ
1272 1155 1329 1243 ἐμ-

219 1259 382 1341 τιρησμῶν
401 1256 457 1322 καὶ
477 1261 536 1343 τῆς
556 1255 593 1323 ἐκ
611 1255 741 1324 τούτων
761 1259 932 1340 μαντείας,
954 1253 1025 1342 ούγ-
1040 1255 1124 1325 ῶστε
1145 1255 1206 1336 τάς
1227 1275 1328 1344 φυσι-

218 1351 280 1436 κάς
300 1357 406 1435 αίτίας
426 1354 448 1441 ἢ
468 1355 509 1423 col
529 1359 603 1442 περί
624 1356 753 1427 τούτων
772 1360 878 1426 είκεῖν
893 1357 1092 1446 θεωρήματα
1113 1358 1330 1443 (φιλοσόφοις

218 1458 283 1543 γὰρ
305 1458 346 1544 δή
368 1458 410 1526 cd
431 1459 506 1541 κερί
526 1458 656 1527 τούτων
677 1456 856 1544 ἀνείσθω),
878 1457 952 1526 ἀλλ’
972 1462 1087 1538 είττως
1104 1455 1226 1528 oum
1239 1460 1331 1527 ἐστιν

179 1572 212 1623 10
221 1560 258 1627 ἐκ
277 1561 405 1627 τούτων
426 1560 467 1646 δή
489 1565 558 1627 τῶν
579 1564 777 1648 διοσημειῶν
797 1560 860 1647 τήν
880 1566 949 1628 τῶν
965 1560 1133 1648 ἐσομένων
1146 1563 1228 1640 ἴσως
1244 1585 1329 1645 τερο-

217 1658 403 1749 μανδάνειν
424 1659 600 1748 ἀντύβασιν.
644 1662 712 1732 ἐστι
729 1662 794 1749 γάρ
809 1663 846 1731 ἐκ
860 1667 920 1748 τής
933 1661 1224 1749 πολυμαθεστύτης
1238 1665 1329 1730 loco-

218 1767 291 1849 ρίας
318 1769 433 1849 λαβεῖν
460 1762 507 1843 ῶς
533 1762 623 1851 ήλιοί
648 1789 683 1834 τε
712 1767 848 1845 τελείους
868 1764 954 1832 κατά
973 1763 1097 1833 ταύτόν
1116 1764 1174 1833 καὶ
1195 1770 1329 1851 σελήναι

216 1864 397 1953 πεφήνασι,
419 1867 598 1953 γινομένου
618 1868 680 1956 μὲν
696 1868 729 1949 ἐξ
744 1865 954 1947 ἀνακλάσεως
968 1866 1102 1936 τούτου.
1145 1872 1328 1953 τοιγαροῦν

218 1966 280 2056 σύγ
308 1968 394 2055 ύττέρ
420 1968 479 2037 τὸν
507 1968 604 2058 ήλιον
631 1966 653 2057 ή
680 1968 743 2058 τήν
764 1966 918 2057 σελήνην,
947 1964 1024 2039 ἀλλ’
1044 1969 1245 2054 ἐκτελαγίου
1266 1967 1328 2054 τήν

177 2086 210 2141 15
218 2070 397 2160 λεγομένην
417 2071 649 2141 ἀντιδίσκωσιν
670 2078 876 2156 θεωρεῖσθαι
896 2074 1079 2161 συμβαίνει,
1100 2072 1157 2139 καί
1175 2067 1329 2157 ἀνισχύν-
1362 2093 1366 2103 ·

216 2197 285 2240 των
307 2170 419 2241 αύτῶν
438 2173 461 2261 ή
480 2176 664 2263 δυυμένων.
705 2174 869 2261 βασιλέων
888 2177 925 2243 δέ
945 2180 1047 2243 τοῦτο
1073 2176 1228 2243 δυνατῶν
1250 2169 1327 2241 κατ’

217 2272 369 2362 ἀλλήλων
389 2274 626 2356 ἐπαναστάσεις
646 2277 816 2365 σημαίνει,
845 2272 890 2354 ῶς
911 2274 948 2344 ἐκ
966 2281 1025 2363 τής
1046 2273 1231 2363 Καμβύσου
1251 2272 1326 2343 κατ’

217 2380 407 2464 Αἰγυπτίων
428 2376 555 2465 ἐφόδου
576 2382 692 2465 λαβεῖν
712 2378 780 2447 ἐστί
802 2378 965 2463 δυνατόν,
992 2379 1049 2447 καὶ
1070 2378 1122 2446 sat
1142 2382 1183 2465 τῇ
1209 2377 1326 2459 Νίρω-

217 2506 276 2559 νος
303 2487 538 2570 καταστροφή,
572 2482 658 2551 καθ’
685 2478 729 2569 ήν
760 2481 814 2550 tat
846 2482 907 2570 μὲν
931 2487 991 2568 τής
1016 2477 1179 2558 Ἰουδαίας
1200 2478 1327 2565 διάγων

175 2581 470 2663 ἳθθύεσττασιανός
497 2584 581 2665 πρὸς
606 2581 668 2670 τήν
691 2582 862 2670 Ῥωμαίων
890 2581 996 2670 ἀρχήν
1017 2579 1213 2669 ἀνεφέρετο,
1240 2578 1325 2650 κατά

216 2683 252 2750 di
272 2682 332 2768 τήν
353 2684 495 2770 ἕσκέραν
516 2685 701 2769 Βιτίλλιος,
736 2686 872 2773 Γάλβας
893 2686 929 2754 δέ
948 2687 1006 2754 καί
1025 2682 1142 2752 Ὄθων
1163 2682 1327 2769 ἓτέρωθεν

215 2781 463 2854 ἀντανίσταντο.
504 2784 700 2873 Ἀκουλήϊος
728 2788 764 2857 δέ
792 2788 868 2874 περί
896 2794 964 2856 τῶν
994 2785 1159 2855 τοιούτων
1184 2786 1326 2874 γράφων

214 2888 272 2954 καί
297 2881 363 2953 alud
393 2890 550 2978 Κλαυδίῳ
579 2892 725 2972 Καίσαρι
753 2897 842 2971 τρεῖς
874 2888 992 2978 ήλίους
1026 2888 1179 2976 ὀφθῆναί
1211 2904 1325 2976 φησιν,

214 2986 337 3075 ὁμοίως
366 2989 401 3057 δὲ
428 2992 485 3059 καί
512 2988 651 3077 σελήνας
671 2988 837 3071 τοσαύτας
856 2990 910 3059 tat
931 2993 1060 3059 Ibolov
1081 2991 1138 3060 καί
1158 2991 1326 3076 Δομιτίου

283 3123 301 3175 4
319 3121 527 3201 διαταττύντων
539 3126 571 3178 G.
642 3128 661 3179 9
677 3119 756 3187 drino
766 3128 801 3180 C.
873 3127 906 3181 15
923 3119 1268 3195 καὶ]ιιιιτυ1ερεκδυιιιήί
1285 3125 1323 3177 Η.

283 3194 319 3246 22
335 3194 546 3246 ανδανίσταντο
565 3196 597 3247 c.
702 3196 738 3249 23
755 3196 843 3263 φασίν
857 3197 892 3249 0.

282 3311 310 3365 4.
345 3311 513 3381 Propositum
529 3312 607 3365 nobis
624 3319 666 3365 est
685 3312 776 3365 dicere
794 3313 829 3367 de
848 3311 912 3365 solis
932 3310 1063 3380 lunaeque
1081 3311 1325 3365 obumbrationibus

216 3384 229 3447 (
237 3380 277 3433 sic
293 3380 416 3450 ecliptica
432 3381 555 3433 luminum
570 3383 737 3435 decrementa
753 3381 793 3433 illi
807 3384 941 3448 vocant),
958 3382 992 3434 de
1006 3381 1115 3435 cometis
1130 3384 1215 3448 deque
1228 3380 1323 3433 discri-

216 3451 286 3502 mine
302 3450 398 3502 interi
419 3468 478 3515 sos,
497 3451 531 3503 de
548 3449 628 3503 sulcis
644 3460 672 3503 et
687 3450 889 3504 traiectionibus
908 3450 1055 3518 stellanuu,
1073 3451 1107 3503 de
1123 3448 1261 3518 fulgetris,
1279 3459 1323 3501 to-

217 3519 344 3585 nitribus,
363 3470 528 3585 sublimibus,
549 3520 583 3572 de
598 3519 708 3590 reliquis
725 3536 775 3590 por
791 3522 879 3573 airam
895 3520 1040 3588 prodigiis,
1066 3527 1200 3588 postremo
1217 3519 1251 3571 de
1266 3526 1323 3571 ter·

215 3587 391 3656 raemotibas‚
416 3588 559 3655 incendiis,
586 3598 615 3642 et
631 3590 665 3641 de
682 3589 848 3642 divinatione
863 3606 932 3658 quae
948 3588 1011 3640 indc
1027 3589 1086 3641 liat.
1121 3605 1209 3657 neque
1224 3587 1267 3653 id,
1294 3593 1325 3640 ut

215 3657 346 3711 naturales
373 3665 533 3711 ostentorum
555 3675 649 3711 causas
671 3660 955 3727 commentationesque
979 3674 1060 3725 super
1077 3656 1130 3708 illia
1147 3672 1324 3725 exponamus3

216 3725 379 3797 pbilosophis
403 3729 431 3780 id
457 3726 549 3780 liceat:
576 3729 623 3780 sed
642 3728 666 3780 si
685 3727 749 3798 quid
769 3728 827 3783 eius
842 3728 901 3781 fieri
920 3727 1020 3796 possit,
1044 3735 1073 3779 ut
1089 3744 1122 3778 ex
1141 3725 1182 3778 bis
1197 3726 1232 3778 de
1249 3723 1324 3779 caelo

214 3794 299 3864 signis
316 3812 403 3848 rerum
418 3798 563 3851 futurarum
584 3796 655 3848 iorte
672 3814 875 3866 praenoscente
893 3806 1027 3849 euerrtum.
1072 3810 1210 3865 possumus
1226 3812 1260 3847 ex
1279 3793 1322 3845 bi-

214 3866 312 3931 storia,
339 3865 496 3919 eruditionis
518 3866 602 3919 omnis
622 3866 712 3934 sonte,
738 3866 937 3935 deprehendere
955 3865 1024 3917 soles
1041 3864 1239 3933 plasmatam
1254 3874 1323 3915 tenr-

213 3951 280 4002 pore
303 3932 431 4003 lunasque
455 3934 571 3989 fulsisse.
606 3935 634 3987 id
661 3953 819 4007 repercussu
840 3935 946 3988 accidit.
981 3935 1150 4002 quamobrem
1172 3951 1222 3985 nec
1244 3948 1325 4001 supra

212 4003 294 4055 solem
318 4002 453 4070 lunamve,
478 4006 526 4057 sed
544 4022 577 4057 ex
593 4004 715 4074 obliquo,
740 4004 942 4074 geminationem
959 4003 1031 4056 orbis
1050 4020 1127 4071 quom
1144 4002 1220 4054 aiunt
1234 4000 1323 4053 cerui-

213 4089 271 4123 mus
285 4072 359 4140 lieri,
377 4073 480 4127 oriente
496 4074 585 4127 sidere
601 4082 712 4143 utroquo
729 4084 776 4127 aut
793 4077 917 4127 obeunte.
952 4072 1100 4143 'principum
1118 4070 1265 4141 potentium
1280 4069 1322 4122 in·

213 4142 298 4193 festos
317 4153 401 4195 motus
415 4143 626 4212 hoc-significat,
645 4154 675 4195 ut
687 4162 720 4196 ex
734 4142 874 4210 cambysis
887 4143 916 4194 in
928 4142 1077 4210 Aegyptios
1092 4141 1191 4210 impetu
1204 4139 1323 4192 animad-

213 4210 285 4261 verti
309 4220 413 4280 potest3
439 4213 501 4265 item
519 4214 547 4265 in
564 4213 679 4266 Neronis
696 4214 822 4266 Caesaris
840 4213 930 4279 exitu,
953 4227 1011 4264 cum
1029 4218 1057 4264 et
1074 4209 1255 4280 Vespasianus
1275 4209 1322 4261 Iu-

212 4279 307 4329 daeum
324 4288 418 4333 tenens
435 4282 470 4335 ad
487 4282 625 4351 imperium
639 4289 680 4335 est
694 4290 819 4348 evectus,
836 4290 865 4334 et
882 4279 973 4334 contra
987 4298 1036 4351 per
1049 4280 1222 4332 Occidentem
1237 4276 1325 4331 Vitel-

213 4346 265 4397 lius
281 4348 369 4401 Galba
383 4351 471 4418 Otho,
490 4352 671 4405 exstiterunt..
692 4352 726 4402 de
739 4351 818 4405 simili
834 4360 987 4420 argumento
1001 4349 1120 4403 scribens
1133 4345 1284 4417 LApuleius
1297 4351 1327 4399 et

214 4412 320 4467 Claudii
348 4419 472 4473 Caesaris
497 4421 647 4492 principatu
665 4421 736 4473 soles
753 4428 809 4474 tres
834 4420 907 4473 visos
927 4424 1171 4485 mansuetorum,
1197 4433 1229 4469 ac
1250 4414 1326 4469 lunas

214 4484 324 4539 totidem
345 4488 506 4543 cullouritio
529 4490 657 4545 cu'amrio
681 4507 768 4556 ουτως
795 4489 891 4560 quibus
914 4488 984 4543 baud
1004 4490 1118 4543 obsetuo
1142 4485 1326 4541 declarabatur
