3125 4959
244 428 318 478 rm
588 404 701 474 insu
724 404 781 471 nu
807 355 1014 473 ossanna

245 606 300 670 sed
317 606 396 667 haec
410 616 500 686 egent
514 602 731 688 disquisitionIs
742 605 902 685 longioris:
922 602 1118 686 inpraesenti
1141 602 1196 682 (nt
1210 600 1275 661 dixi
1290 621 1347 662 su-

245 724 365 810 perius)
385 744 447 784 non
470 724 562 786 modo
582 727 713 786 abstinui
734 726 771 785 ab
793 726 967 796 excursibus
988 721 1181 800 huiusmodi,
1201 722 1254 784 sed
1271 726 1346 782 uni-

244 868 330 909 versa
353 848 445 907 etiam
465 846 498 905 in
519 847 598 905 notis
617 856 647 905 et
671 844 711 905 ad
734 848 856 906 Ostenta
878 855 909 903 et
929 843 969 904 ad
988 844 1192 924 fragmentum
1212 844 1282 902 libri
1297 844 1345 901 De

244 968 400 1028 mensibus
414 984 532 1027 summa
547 962 617 1024 data
633 974 679 1025 est
695 986 786 1047 opera
800 977 833 1026 ut
849 952 981 1025 essemus
998 983 1089 1046 quam
1102 965 1281 1024 brevissimi.

190 1098 228 1161 11
334 1090 428 1147 Erant
439 1086 520 1145 enim
531 1087 565 1143 in
578 1082 644 1144 cod.
657 1085 815 1145 (laseoliuo
827 1085 900 1144 folia
913 1081 972 1143 duo
984 1084 1122 1141 abiuncta
1134 1082 1239 1165 (hodie
1252 1082 1346 1143 affixa

245 1207 286 1268 ad
298 1208 415 1289 reliqua
426 1202 528 1285 sunt),
551 1206 732 1264 continentia
744 1203 948 1281 fragmentum
960 1204 1029 1262 libri
1042 1205 1087 1263 lle
1099 1204 1261 1277 mensibus,
1283 1222 1346 1262 uon

245 1329 395 1409 epitomae
410 1326 493 1385 illius
508 1323 605 1383 editae
619 1322 740 1402 Lipsiae
754 1319 851 1397 1794,
873 1324 910 1397 8,
932 1342 950 1381 a
963 1325 1087 1382 Nicolao
1096 1322 1259 1397 *Sobowim
1281 1321 1346 1379 ola-

244 1449 363 1507 rIssimo
376 1446 441 1505 viro
457 1452 487 1502 et
503 1440 691 1517 doctissimo,
713 1436 767 1499 sed
781 1441 958 1519 particulam
970 1443 1066 1522 ipsius
1076 1443 1162 1517 libri,
1185 1452 1347 1522 antequam

247 1563 503 1625 abreviatoribus
527 1562 658 1641 plurima
677 1570 897 1635 resecarentur,
926 1561 1116 1620 turbarentur
1141 1561 1260 1635 omnia,
1289 1577 1347 1616 nec

124 1710 154 1763 p.
171 1706 233 1746 xxn
250 1687 313 1745 fere
338 1683 500 1761 vestigium
524 1677 727 1760 dispositionis
749 1679 892 1756 pristinae
917 1680 1144 1762 relinqueretur.
1197 1689 1267 1741 sunt
1293 1699 1347 1738 eae

197 1860 201 1874 ,
246 1803 386 1886 pagellae
398 1819 495 1882 aequa
508 1796 714 1859 miserandum
728 1797 759 1854 in
774 1793 901 1854 modum
914 1810 943 1856 et
955 1800 1072 1859 lacerae
1087 1812 1117 1860 et
1128 1810 1276 1859 vetustate
1291 1796 1348 1856 de·

244 1926 351 1998 mitae3
372 1931 425 1997 ut,
447 1939 517 1979 cum
535 1916 700 1979 meditarer
714 1917 932 1993 Prolegomena
949 1919 981 1975 in
998 1919 1110 1977 librum
1125 1920 1171 1976 De
1187 1919 1347 1996 magistra-

245 2041 327 2100 tibus
349 2032 718 2120 (vide§35p.1.xxv),
737 2044 877 2114 putarem
899 2034 1058 2110 lectionem
1078 2036 1200 2095 illarum
1222 2056 1262 2093 ne
1278 2045 1348 2094 teu·

245 2160 304 2219 tari
330 2155 455 2242 quidem
478 2174 576 2235 posse.
618 2165 723 2236 postea
744 2152 853 2212 eodem
872 2152 1038 2213 identidem
1055 2155 1182 2230 relatus,
1202 2150 1348 2213 intuendo

247 2274 428 2359 inquirendo
449 2271 603 2333 ariolando
626 2277 739 2353 passim
755 2275 927 2353 expiscatus
943 2292 1011 2333 sum
1023 2276 1186 2349 nonnulla3
1207 2294 1284 2357 quae
1304 2275 1349 2333 si·

247 2396 315 2456 mul
339 2413 374 2453 ao
395 2394 528 2473 primum
550 2389 666 2473 aliquid
688 2391 764 2450 lucis
785 2390 912 2450 fundere
928 2394 992 2452 visa
1009 2402 1095 2467 sunt,
1117 2403 1147 2451 et
1165 2393 1349 2450 alacritatem

249 2514 303 2598 (ut
318 2512 371 2593 fit)
394 2524 424 2572 et
435 2512 609 2572 facultatem
623 2512 768 2572 rumorem
783 2512 945 2570 attuleruut
960 2508 999 2569 ad
1012 2511 1128 2591 reliqna
1142 2530 1263 2593 quoque
1276 2530 1348 2591 per·

250 2626 416 2715 sequenda.
458 2642 609 2711 postremo
633 2628 708 2690 haec
730 2629 896 2690 deformata
917 2632 1054 2709 quamvis
1079 2641 1109 2688 et
1132 2632 1260 2711 paucula
1284 2631 1349 2689 fra-

248 2760 370 2833 gmenta
389 2750 494 2809 libello
512 2751 558 2808 De
579 2752 704 2809 ostentis
723 2750 903 2828 subiungere
924 2770 955 2828 p.
971 2755 1030 2813 113
1041 2768 1109 2829 sqq.
1127 2770 1189 2808 non
1201 2748 1347 2810 dubitavi.

140 2954 142 2957 Ι
247 2887 420 2953 quanquam
433 2870 508 2928 ratio
523 2866 647 2950 quidem
660 2865 815 2929 dissimilis
830 2870 889 2928 fnit
900 2866 975 2927 baec
990 2879 1080 2950 atque
1094 2869 1148 2927 illa
1159 2866 1347 2928 restituendi.

246 2991 279 3051 in
293 2989 422 3049 Orientis
438 3008 506 3046 cum
518 2989 633 3063 fontes,
656 2986 736 3047 unde
750 2984 849 3045 bausit
866 2986 987 3068 Lydus,
1007 2990 1127 3067 saepius
1149 2984 1347 3067 deprehendi,

247 3121 314 3171 tum
328 3110 451 3168 omuino
465 3114 558 3163 tracta
572 3106 670 3182 magis
685 3114 729 3162 est
744 3115 773 3163 et
787 3105 883 3163 fluens
897 3108 1008 3164 oratio:
1030 3115 1099 3165 suut
1119 3106 1259 3164 circuitus
1277 3124 1349 3166 uer-
1459 3146 1466 3155 -

248 3230 358 3290 borum
369 3228 535 3306 longiores,
556 3232 606 3299 ut,
628 3222 681 3280 ubi
697 3226 876 3284 constitisset
889 3221 928 3283 de
942 3233 1043 3287 mente
1056 3224 1254 3304 interpuncti,
1274 3243 1349 3304 sup-

248 3347 333 3427 plere
355 3346 609 3407 continuationem
627 3352 722 3403 totam
736 3345 879 3403 orationis
891 3343 941 3403 vel
954 3363 1041 3422 posse
1055 3343 1104 3402 vel
1116 3341 1226 3402 audere
1239 3361 1349 3421 coepe-

250 3465 318 3523 rim.
359 3466 392 3523 in
416 3464 494 3523 libro
516 3465 562 3522 lle
582 3461 735 3522 mensibus
756 3463 850 3521 oratio
870 3470 916 3521 est
939 3472 969 3522 et
986 3465 1116 3542 pressior
1130 3473 1160 3522 et
1173 3463 1228 3520 lita
1243 3452 1348 3520 multis

195 3622 198 3628 -
250 3582 414 3643 luminibus
436 3580 587 3644 doctrinae
610 3582 718 3664 (prout
737 3580 817 3663 Lydi
834 3582 961 3641 facultas
982 3580 1135 3661 serebat),
1157 3584 1246 3663 plena
1263 3572 1349 3640 com-

248 3703 515 3762 memorationibus
544 3711 716 3776 auctorum,
749 3710 780 3759 et
799 3696 941 3779 proinde,
970 3702 1067 3761 sicubi
1088 3702 1204 3760 laborat
1222 3701 1348 3776 lacunis,

112 3818 385 3906 p.m11difficilis
410 3818 450 3878 ad
471 3818 698 3880 restituendum.
739 3820 773 3877 in
794 3816 980 3897 redundante
1002 3824 1084 3880 enim
1099 3840 1135 3881 ac
1148 3821 1286 3880 subinani
1299 3820 1349 3879 lo·

252 3936 366 4023 queudi
386 3936 497 4016 figura,
519 3940 546 3997 si
567 3940 604 3999 ob
628 3957 731 3999 casum
750 3937 883 4019 aliquem
896 3935 1082 4000 desideratur
1092 3940 1278 4016 membrum,
1300 3938 1350 3998 ai-

251 4058 325 4138 iingi
337 4055 371 4116 id
382 4065 482 4137 potest
494 4056 536 4114 ita
551 4066 585 4115 ut
597 4058 760 4136 probabilis
774 4067 804 4116 et
819 4075 912 4138 prope
924 4078 994 4119 vera
1010 4062 1156 4120 restitutio
1166 4078 1231 4118 esse
1243 4055 1350 4117 videa·
1453 4138 1456 4143 .

251 4188 311 4237 tur.
354 4185 456 4235 contra
468 4177 500 4233 iu
513 4194 622 4255 genere
638 4173 758 4236 dicendi
773 4177 883 4235 referto
897 4179 1001 4254 rebus,
1018 4179 1067 4237 fao
1080 4158 1281 4236 narrationem
1295 4177 1349 4251 rei,

252 4298 374 4358 titulum
389 4296 475 4373 libri,
496 4315 605 4356 nomeu
623 4297 810 4357 solennitatis
829 4297 1033 4376 intercidisse,
1053 4317 1115 4358 non
1132 4317 1173 4357 ex
1188 4298 1248 4358 alio
1264 4294 1350 4358 codi-
