3125 4959
418 473 422 482 “
443 465 501 532 DE
524 464 860 536 uuulsruartuus
884 467 920 532 P.
940 466 979 531 ll.
1006 466 1088 532 LlB.
1108 469 1150 535 ll.
1277 469 1347 541 179

253 632 328 716 έθός
340 644 450 718 καλεῖν,
475 635 518 714 ὡς
529 639 713 725 προέηαμεν.
764 636 889 719 τοιαύτη
900 638 956 720 μέν
970 635 988 722 ἢ
999 636 1134 721 χλομές,
1163 639 1347 727 παραγῶδης

253 743 288 805 δέ
297 741 393 826 χιταλν
407 738 657 828 καταπάρηυρος,
683 743 733 807 καὶ
756 743 872 828 ζωστὴρ
895 744 929 806 in
952 749 1088 828 φοινικοῦ
1103 743 1269 828 δέρματος,
1291 746 1343 832 ἐφ’

253 841 362 908 ἑαυτὸν
374 847 430 928 μέν
443 845 729 927 διακεκολλημένος,
748 847 781 922 ἓξ
794 844 896 933 άιιριου
910 846 944 909 δέ
957 851 1165 932 τῶνπλευρῶν
1179 852 1222 924 εἷς
1234 849 1344 930 λεπτὴν

253 949 455 1035 καταρραηὴν
466 948 717 1030 ἐσπουδασμένος,
732 950 782 1012 καὶ
799 950 974 1030 σεληνιίτιιον
985 950 1041 1029 μέν
1053 948 1130 1032 έχων
1144 949 1212 1015 τινὰ
1224 953 1257 1028 ἐξ
1270 950 1346 1015 εὔω-

227 1046 355 1129 5νάμαιν
367 1057 475 1139 χρυσῷ
489 1051 701 1134 πεποιημένον,
728 1053 761 1116 εἰι
775 1053 810 1115 δέ
822 1059 876 1133 τῆς
889 1048 993 1136 ἑτέρας
1005 1053 1159 1136 γλωσσίδα
1174 1054 1240 1118 τινά
1253 1052 1346 1137 ἤγουν

251 1150 426 1236 δίάβλημα,
444 1156 624 1239 χρυσοτελές
638 1157 689 1219 καὶ
704 1152 796 1232 οὖτά,
829 1157 872 1230 εἷς
882 1152 1014 1238 βότρυος
1027 1160 1131 1238 σχῆμα
1146 1156 1343 1240 πεποιημένον

251 1254 296 1318 δι’
320 1253 358 1337 ἣν
376 1258 408 1320 ἓν
428 1264 467 1344 τῇ
485 1259 551 1343 περὶ
572 1263 678 1340 μηνῶν
698 1264 860 1344 συγγραφῇ
875 1254 1109 1338 ἀποδεδώκαμεν
1126 1260 1225 1323 alatas
1269 1257 1343 1345 ὅπερ

250 1353 407 1440 διάβλημο
423 1358 482 1424 άπὸ
505 1363 606 1437 δεξιᾶς
628 1357 794 1448 φερόμενον
811 1363 862 1425 καὶ
875 1360 922 1423 iul
938 1360 991 1425 τὸν
1004 1362 1177 1443 σεληνέσιιον
1191 1357 1344 1443 βαλλόμε-

249 1485 302 1524 νον
316 1459 492 1541 διαζώννυσι
511 1461 565 1527 τδν
584 1463 810 1550 περιτιθέμενον
834 1463 995 1549 ἀσφαλῶς,
1029 1460 1158 1549 περόνης
1179 1465 1229 1528 καὶ
1251 1464 1344 1546 αὐτῆς

208 1583 243 1634 10
246 1572 365 1649 χρυσῆς
387 1562 588 1650 ἓνδαιινοδοης
610 1566 664 1632 τὸν
679 1564 790 1648 ἱμάντα
805 1568 855 1630 καὶ
869 1562 1079 1649 συναπτούσης
1100 1568 1153 1630 τὸν
1170 1565 1285 1653 βότρυν
1301 1573 1343 1653 τῷ

248 1670 421 1754 σεληυέσκῳ.
483 1669 749 1756 φέβουλαναῦτὴν
771 1670 905 1755 πατρίοις
927 1667 956 1734 οἱ
975 1666 1118 1751 Ῥωμαῖοι
1140 1671 1191 1734 καὶ
1212 1667 1342 1749 βάλτεον

246 1766 300 1831 τὸν
316 1770 454 1854 ζωστῆρα
468 1773 597 1855 λέγουσι.
647 1772 704 1854 τὴν
719 1773 754 1838 δέ
768 1770 841 1856 ὅλην
857 1771 1045 1853 κατασκευὴν
1062 1778 1116 1835 τοῦ
1136 1769 1342 1856 περιζώματος

248 1869 276 1934 ul
293 1869 407 1934 Γάλλοι
424 1874 634 1957 καρταμέραν,
667 1873 705 1955 ἣν
725 1874 760 1937 τὸ
783 1878 904 1954 πλῆθος
925 1871 1122 1955 καρτάλαμον
1142 1875 1174 1950 ἓξ
1193 1875 1342 1950 ἷδιωτεέας

248 1970 396 2054 ὀνομάζει.
447 1971 492 2038 δτι
508 1974 541 2039 δέ
555 1973 590 2038 οὗ
600 1970 767 2056 Ῥοιμαὶλιδν
781 1976 865 2039 τουτὶ
883 1974 918 2039 τὸ
930 1973 1088 2061 ῥημάτιον,
1107 1973 1227 2062 μάρτυς
1240 1973 1341 2040 δῬοι-

207 2099 240 2152 15
247 2085 340 2156 μαῖος
352 2072 486 2162 Βάρρων
499 2077 530 2139 έν
542 2078 653 2163 βιβλίῳ
668 2078 794 2164 πέμπτῳ
808 2079 876 2162 περὶ
886 2073 1056 2159 Ῥοιμαὶλιῆς
1071 2080 1244 2156 διαλέκτου,
1272 2080 1303 2142 ἓν
1315 2069 1342 2163 ᾦ

247 2178 450 2261 διαρθροῧται
470 2182 541 2240 ποία
560 2181 617 2257 μέν
636 2204 682 2255 τις
700 2180 778 2256 λέξις
796 2180 876 2243 ἐστὶν
892 2180 1025 2261 Aletum}
1048 2181 1120 2241 ποιά
1142 2182 1177 2243 δέ
1194 2183 1226 2241 Γ
1222 2178 1341 2261 αλλική,

245 2279 295 2341 καὶ
312 2276 357 2341 ὅτι
371 2275 458 2362 ἑτέρα
471 2274 559 2358 nius}
578 2279 727 2345 Θιιάσιιονν
742 2281 819 2363 άλλη
838 2281 871 2344 δέ
885 2278 1072 2366 'Evasimus
1079 2327 1090 2357 ,
1119 2271 1161 2344 ὧν
1176 2288 1340 2366 συγχοδει-

245 2385 307 2446 σῶν
324 2375 343 2462 ἡ
359 2386 411 2443 νῦν
425 2385 579 2465 κρατοῦσα
591 2385 653 2444 τῶν
662 2376 821 2461 Ῥωμαίων
837 2383 1022 2464 ἀπετελέσθη
1036 2379 1134 2466 ηιονή.

352 2480 408 2552 14.
460 2478 596 2565 Ίόιαέτη
624 2483 724 2564 μέντ

202 2593 441 2673 ωπαροτοῦρο,
467 2585 532 2650 ἀντὶ
550 2591 604 2650 τοῦ
619 2582 730 2668 στολή·
764 2583 865 2667 ὄχημα
879 2587 912 2649 δι’
926 2581 1029 2650 ὁποῖον
1040 2583 1141 2667 ’λ’σμεν,
1165 2587 1216 2649 καὶ
1231 2590 1338 2669 θῆκαι.

246 2689 326 2755 οὕτω
348 2691 381 2755 δέ
403 2690 437 2754 τὸ
463 2685 622 2773 λεγόμενον
646 2695 689 2778 τῷ
714 2685 828 2772 πλήθει
848 2688 1038 2776 καλαμάριον
1059 2690 1164 2753 ἐκεῖνοι
1185 2688 1340 2771 λέγουσιν·

313 2866 348 2920 12
359 2861 513 2933 διῑάματος
527 2866 565 2918 Ca
582 2883 642 2918 corr
655 2865 690 2919 1⁴¹.
794 2864 829 2921 13
844 2863 1003 2933 καρταμέρα
1015 2871 1044 2918 at
1058 2863 1086 2917 in
1101 2865 1222 2917 Varrone
1237 2871 1265 2917 et
1275 2864 1340 2918 alibi

312 2935 412 2989 frustra
432 2934 561 3005 quaesiui.
596 2936 716 3004 suspicor
731 2941 819 2989 autem
839 2936 906 2987 harre
928 2951 1018 2987 uocem
1041 2934 1187 2986 desiderari
1209 2934 1236 2985 in
1259 2933 1339 2986 lint

312 3005 346 3058 de
361 3006 440 3073 Ling.
454 3004 514 3058 Lat.
533 3009 550 3068 S
565 3005 616 3070 at,
640 3004 686 3057 ubi
700 3004 825 3057 mendose
839 3001 950 3072 legitur:
973 3009 1063 3075 postea
1077 3005 1246 3056 mandarunt
1263 3002 1340 3055 Galli

311 3090 327 3125 ιι
335 3078 414 3141 serra
432 3076 478 3127 nt
493 3073 523 3126 t'ul
536 3074 689 3127 οοτοδολιιοι
706 3083 758 3126 etc.
793 3074 829 3127 F.

242 3227 328 3277 antem
348 3240 442 3277 aureas
465 3226 554 3280 clavos
569 3225 681 3280 Romani
699 3225 785 3280 solent
801 3223 951 3294 appellare,
976 3230 1102 3293 utsupra
1118 3222 1240 3274 diximus.
1276 3221 1342 3275 llaec

243 3291 368 3359 chlamys.
404 3297 565 3349 accedebant
585 3297 759 3380 ροιοροιιδίο,
785 3296 875 3348 tunica
896 3310 1043 3413 ηοτροιοο,
1067 3303 1095 3345 et
1111 3292 1213 3344 balteus
1231 3308 1247 3343 e
1267 3290 1342 3343 coria

243 3362 364 3432 puniceo,
380 3361 486 3416 sibimet
499 3365 670 3433 agglutinato,
691 3383 723 3416 ex
742 3364 800 3416 imis
818 3382 882 3416 vero
907 3361 1024 3416 uteribus
1040 3361 1112 3414 tenui
1127 3372 1218 3412 sutura
1232 3359 1336 3413 subtili-

241 3438 285 3483 ter
301 3430 456 3495 elaboratus,
475 3432 626 3504 habensque
642 3434 669 3486 in
686 3433 793 3486 sinistra
807 3443 883 3500 parte
895 3431 1009 3484 lunulam
1025 3431 1153 3499 quandam
1169 3445 1288 3493 autumn,
1307 3429 1335 3480 iu

243 3499 326 3553 ultera
342 3509 427 3552 autem
441 3498 564 3567 lingulam
579 3503 637 3556 aive
655 3501 836 3567 insertorum,
854 3500 955 3570 pariter
967 3516 1087 3564 utiterum,
1105 3499 1132 3548 ln
1147 3514 1213 3548 uvae
1227 3497 1336 3549 [turmam

243 3568 417 3635 elaboratam,
442 3571 476 3621 ub
503 3588 560 3621 eam
585 3590 662 3640 ηιιοπι
683 3571 711 3624 in
734 3588 817 3640 opere
833 3571 866 3622 da
884 3569 1014 3622 mensibus
1031 3567 1175 3619 rettulimus
1191 3565 1338 3629 rationema

243 3655 311 3708 quae
327 3639 429 3709 quidem
442 3637 539 3705 lingula
551 3657 568 3691 u
585 3641 680 3694 dextra
695 3641 783 3692 iuncta
798 3637 953 3706 lunulaeque
969 3635 1090 3705 imposita
1105 3635 1179 3685 tirme
1191 3633 1275 3702 cingit
1287 3652 1336 3700 ge-

242 3719 352 3776 rentem,
369 3706 457 3774 tibula,
474 3715 502 3759 et
519 3705 578 3789 ipsa
595 3727 684 3777 aurea,
701 3708 783 3761 lurum
801 3709 937 3760 mordente
954 3720 1080 3771 uvamque
1096 3721 1153 3755 cnm
1166 3701 1253 3755 lunula
1270 3722 1332 3755 ουιι-

241 3774 375 3844 iungeute.
411 3776 514 3829 subulam
534 3775 602 3828 1llum
620 3776 731 3832 Romani
755 3777 842 3848 patrio
866 3793 999 3839 sermone,
1026 3784 1054 3825 et
1072 3772 1184 3826 balteum
1206 3770 1335 3838 cingulum

240 3857 347 3898 uocant.
382 3855 464 3899 totum
481 3862 543 3896 varo
561 3845 660 3914 cinguli
676 3853 793 3900 ornatum
809 3845 880 3898 Galli
896 3854 1082 3909 cartameram,
1098 3841 1191 3909 vulgus
1209 3841 1334 3909 ignoran-

241 3911 279 3965 tia
296 3915 461 3968 cartalamnm
478 3914 601 3985 appellat.
635 3916 758 3970 Latinum
775 3933 828 3967 nun
852 3932 910 3968 esse
934 3914 984 3964 hnc
1003 3910 1173 3975 uocabulum,
1199 3909 1276 3962 testis
1293 3917 1336 3961 est

240 3979 326 4036 Varro
343 3986 484 4052 Romanus,
500 3984 527 4036 in
540 3983 606 4037 libra
621 3985 712 4053 quinto
727 3987 759 4038 da
774 3984 879 4052 Lingua
896 3982 1000 4048 Latina,
1018 3982 1045 4033 in
1078 3997 1110 4031 uo
1126 3979 1241 4048 explicat
1252 3995 1335 4046 quue-

239 4067 298 4104 nam
317 4071 368 4106 uox
383 4053 499 4120 Aeolica,
515 4069 641 4122 quaenam
658 4054 776 4118 Gallica3
794 4063 874 4121 atque
889 4052 965 4104 aliam
983 4069 1042 4103 esse
1059 3998 1232 4114 l'luuscormn
1258 4046 1334 4097 aliam

239 4118 420 4190 Etruscorum,
437 4124 531 4192 quibus
548 4122 617 4176 iuter
632 4140 662 4175 aa
678 4123 767 4176 mixtis
787 4139 857 4192 quaa
878 4139 946 4175 nunc
962 4122 1075 4174 habetur
1090 4119 1265 4170 Romanorum
1284 4114 1334 4166 liu-

237 4204 290 4255 gua
304 4193 419 4244 conflata
435 4203 486 4246 ast.

308 4260 350 4310 14.
384 4262 460 4314 Haec
475 4261 640 4330 magistratus
657 4267 793 4330 paratura,
809 4269 839 4313 at
855 4258 892 4311 illi
907 4265 1017 4324 vacant,
1036 4256 1065 4310 id
1080 4262 1121 4308 est
1133 4262 1255 4306 ornatus:
1272 4267 1333 4303 cura

239 4341 282 4378 rus
298 4344 372 4394 vero,
390 4330 491 4398 qualem
509 4331 617 4396 scimus,
634 4337 661 4381 et
675 4329 781 4382 thecae.
816 4330 855 4381 sic
868 4337 954 4381 auitum
971 4326 1010 4379 illi
1027 4334 1135 4392 uacant,
1154 4323 1225 4391 quod
1239 4320 1332 4386 vulgus

239 4394 421 4461 calamsrium3
445 4401 516 4467 quod
537 4399 640 4468 quidem
656 4397 805 4469 splendoris
826 4406 926 4449 tantum
947 4412 1027 4449 causa
1044 4398 1089 4459 (eu
1106 4390 1283 4462 magnitudine
1299 4407 1332 4441 ex

238 4481 302 4521 aura
316 4466 422 4520 ductum
439 4473 516 4539 erat)
533 4479 637 4524 cantum
649 4467 707 4523 auri
721 4465 804 4521 libras
820 4468 937 4537 pendere
952 4465 1080 4519 creditum
1094 4475 1145 4517 eat.
1179 4460 1248 4516 aliud
1267 4474 1332 4512 veru
