3125 4959
566 392 910 473 COMMENTARIUS.
1205 336 1285 465 Ιττιι

186 596 230 675 ζει
243 576 267 678 ἢ
281 587 325 671 τίς
338 591 389 660 tet
402 595 525 676 σκηνῆς.
567 594 650 677 qnod
664 598 839 658 universnm
852 592 997 655 iudicium
1010 596 1037 653 si
1052 596 1102 654 cui
1116 592 1219 657 durius
1236 597 1286 657 vi-

185 696 308 776 deatur,
332 708 450 778 reputet
472 698 500 758 is
524 718 626 759 secum
650 698 808 774 Photinm,
830 709 866 758 ut
887 709 950 757 erat
966 708 1075 758 natura
1090 718 1178 779 asper
1194 711 1285 781 atque

184 798 316 876 invidus,
338 819 378 860 ne
390 801 525 881 patribus
538 799 661 883 quidem
673 802 860 883 pepercisse3
881 802 1011 860 multum
1023 821 1088 861 esse
1100 802 1134 860 in
1146 803 1179 862 S.
1192 806 1286 862 loan-

184 904 234 963 nis
260 900 467 983 Chrysostomi
487 905 661 965 criminibus
684 902 913 986 percenseudis3
935 904 969 963 S.
986 906 1109 963 Irenaeo
1125 905 1219 965 falsas
1233 924 1285 964 ar-

185 1006 444 1085 gumentationes,
463 1006 608 1087 Gregorio
628 1012 764 1090 Nysaeuo
788 1005 1029 1066 distributionem
1047 1024 1155 1085 parum
1172 1016 1284 1086 aptam,
1318 1045 1321 1049 -

186 1109 254 1167 aliis
275 1108 334 1166 alia
355 1107 516 1185 obiecisse,
538 1128 635 1191 eoque
650 1112 772 1169 nomine
788 1111 851 1167 iam
865 1129 885 1168 a
899 1106 1051 1189 theologis
1065 1109 1178 1168 saeculi
1192 1117 1285 1188 snpe-

186 1210 272 1268 rioris
293 1209 394 1267 miuus
414 1230 478 1271 esse
494 1212 663 1290 probatum.
705 1213 838 1293 potuisse
855 1210 987 1293 denique
1002 1231 1073 1271 eum
1087 1213 1141 1293 qui
1156 1210 1285 1291 grandes

186 1329 222 1370 ac
234 1312 383 1391 perlectos
395 1315 553 1393 scriptores
569 1316 700 1392 integros
719 1315 851 1392 legeret,
872 1317 1018 1390 Ctesiam,
1040 1311 1286 1395 Theopompum,

186 1409 454 1493 Agatharchidern,
489 1415 699 1491 Memnonem,
730 1418 911 1496 Polybium,
943 1416 1111 1478 Diodorum
1139 1418 1286 1492 Siculum,

186 1516 365 1597 Dionysium
385 1516 698 1595 Halicarnassensem,
730 1518 921 1596 Appianum,
951 1520 1130 1595 Arrianrnn,
1151 1521 1288 1579 intanta

185 1621 368 1699 optimorum
385 1618 469 1697 copia
489 1637 539 1677 eos
558 1619 611 1699 qui
629 1627 699 1677 suut
715 1617 847 1678 secundo
863 1619 931 1678 loco
949 1618 1112 1698 despicere.
1154 1637 1212 1677 nos
1230 1637 1288 1677 au-

185 1730 266 1797 tem,
289 1722 342 1802 qui
366 1719 498 1801 antiquis
517 1720 579 1780 illis
593 1730 645 1779 out
658 1721 780 1779 omuino
795 1731 847 1780 ant
860 1740 971 1801 magna
984 1739 1024 1782 ex
1039 1730 1124 1801 parta
1140 1739 1287 1797 caremus,

185 1824 301 1881 utinam
326 1819 476 1903 quomodo
498 1840 579 1879 nunc
600 1820 697 1903 Lydi,
719 1825 763 1883 sic
783 1844 858 1883 mox
876 1824 1027 1897 Nonnosi,
1049 1824 1120 1881 lulii
1141 1824 1286 1900 Africani,
1302 1838 1331 1895 p.
1346 1836 1421 1879 xxur

184 1928 392 2004 Praxagorae,
421 1920 654 2003 Cephalaeonis,
684 1928 832 2005 Eutropii,
862 1923 992 2001 Melchi,
1021 1922 1151 1984 Candidi
1179 1928 1286 2003 Isauri,

185 2024 409 2108 Olympiodori,
437 2026 587 2106 Dexippi,
615 2025 792 2107 Phlegontis
814 2029 979 2102 Tralliani,
1007 2025 1203 2106 Pamphilae,
1226 2029 1287 2092 co-

184 2131 290 2205 nonis,
311 2127 445 2187 llelladii
461 2127 593 2188 eruditas
607 2128 833 2211 uberrimasque
847 2128 987 2190 historias
1001 2132 1153 2209 insperato
1169 2149 1240 2189 casn
1253 2132 1286 2189 in

97 2286 98 2289 ,
183 2231 283 2290 lucem
301 2230 429 2309 proferri
446 2230 633 2297 videremus:
655 2232 788 2311 prolecto
803 2244 834 2291 et
849 2251 959 2311 magna
972 2242 1050 2291 esset
1062 2242 1163 2291 nostra
1177 2232 1210 2288 in
1225 2231 1287 2290 illis

184 2330 321 2415 legendis
338 2332 493 2412 voluptas,
515 2352 572 2391 nec
586 2333 805 2393 desideraretur
818 2333 984 2394 moderatio
998 2337 1030 2392 iu
1044 2329 1224 2393 iudicandis.

268 2436 380 2493 Leonis
395 2444 496 2493 autem
512 2432 550 2493 de
564 2434 650 2516 Lydo
664 2436 748 2495 locus
764 2445 864 2494 exstat
876 2437 910 2492 in
923 2436 1055 2495 Tacticis
1069 2437 1152 2495 illins
1164 2445 1212 2492 ter
1223 2434 1284 2491 im·
1304 2435 1346 2499 10

184 2539 310 2620 pressis,
344 2537 442 2617 primo
472 2537 578 2596 Latine
601 2546 734 2613 tantum,
769 2558 810 2597 ex
834 2539 971 2597 versione
995 2534 1103 2611 (lheci,
1137 2536 1286 2610 Basileus,

187 2637 285 2717 1554,
312 2640 362 2703 12.
399 2638 449 2705 ,ibi
472 2639 504 2695 iu
529 2650 664 2698 extremo
684 2640 803 2719 epilogo
825 2641 938 2720 operis,
968 2640 1080 2718 pagina
1100 2655 1163 2694 non
1183 2647 1287 2695 notata

186 2738 417 2823 (qnodpoginis
429 2736 568 2798 editionis
584 2758 656 2798 snae
669 2742 770 2798 nullos
783 2739 893 2801 adiecit
906 2758 1047 2800 numeros
1061 2736 1217 2817 Cheous),
1237 2740 1287 2807 vl-

186 2842 274 2901 detur
288 2842 359 2900 libri
375 2838 412 2899 de
426 2842 680 2901 Osteutisrnentio
695 2840 769 2899 lieri.
812 2850 880 2921 post
901 2840 1009 2900 eadem
1032 2843 1156 2900 Taotica
1173 2843 1287 2899 Graece

186 2944 281 3005 edidit
292 2948 418 3003 loannes
433 2946 591 3018 Meursius,
611 2943 752 3023 Lugduni
764 2946 869 3003 Batev.
885 2944 977 3019 1612,
988 2940 1020 3018 4,
1043 2940 1184 3001 adiuncta
1195 2940 1287 3001 Checi
1367 2965 1369 2968 ·

186 3050 293 3105 Latina
306 3048 459 3104 versione:
482 3046 525 3103 ibi
538 3056 638 3104 tamen
653 3066 763 3105 nomen
776 3043 1038 3125 mentioqnehydi
1048 3046 1139 3124 plane
1148 3046 1285 3104 eGraeco

186 3146 308 3237 excidit.
337 3158 487 3226 postremo
503 3146 611 3207 eudem
623 3151 757 3229 vulgavit
768 3148 991 3208 loanneshami
1001 3159 1088 3209 sexto
1098 3150 1174 3227 Opp.
1184 3150 1287 3206 llleur-

186 3254 338 3311 siouorum
359 3252 531 3327 volumine,
553 3253 739 3328 Florentiae,
764 3249 861 3324 1745,
883 3247 938 3306 fol·
961 3268 1001 3307 ex
1017 3251 1218 3308 Laurentiano
1236 3250 1287 3311 bi.

186 3351 354 3413 bliothecae
369 3350 523 3411 Mediceae
540 3352 623 3430 cod.,
644 3356 748 3413 multis
762 3350 887 3438 quidem
899 3350 974 3409 locis
988 3349 1164 3427 emendata,
1185 3353 1286 3412 minus
1336 3405 1340 3411 ,

185 3466 288 3515 tamen
303 3457 335 3513 in
348 3464 469 3515 nostro:
491 3456 518 3514 is
531 3456 588 3529 ibi,
611 3456 668 3513 ool.
683 3456 763 3530 917,
788 3456 832 3513 sic
844 3473 878 3513 se
894 3450 1002 3511 habet:
1023 3450 1079 3533 τήν
1093 3450 1126 3516 δὲ
1140 3447 1287 3533 ἆστρονο-

186 3556 259 3638 μίαν
276 3554 308 3619 οί
323 3554 393 3635 περί
413 3552 450 3619 τοί
469 3554 600 3640 μετέωρα
620 3551 812 3639 σχολάζονται
833 3554 878 3636 (f.
895 3548 1120 3639 σχολάζοντες),
1142 3556 1238 3640 σοφίηι
1255 3576 1288 3617 τι

186 3657 238 3724 καί
257 3657 405 3745 ἐπιστήμη
425 3664 480 3740 τῆς
499 3663 560 3723 τοῖν
578 3652 711 3741 ἆστίρων
725 3660 928 3741 ψηφοφορίας
943 3654 1137 3738 διαφέρονται
1158 3658 1201 3738 (f.
1219 3658 1288 3719 δια·

187 3756 370 3843 φέροντες),
391 3763 461 3842 περί
479 3784 511 3825 τε
530 3758 582 3825 etv
605 3763 794 3842 Πτολεμαίου
817 3756 929 3824 κανόνα
950 3757 1003 3822 καί
1023 3756 1094 3842 περί
1117 3754 1174 3839 την
1190 3751 1288 3822 edred
1302 3785 1331 3840 p.
1345 3783 1417 3823 xxrv

57 3856 58 3869 ¹
186 3862 350 3948 λεγομένην
369 3857 569 3948 Taronitis-dios
582 3863 633 3928 καί
645 3863 715 3946 περὶ
731 3858 817 3944 ἕτεροί
832 3888 899 3927 τινα
912 3867 975 3926 τῶν
993 3862 1177 3925 Χαλδαϊκῶν
1188 3882 1288 3942 παρα·

187 3958 395 4047 σημειώσεων,
417 3966 537 4051 προσέτι
562 3964 596 4031 δὲ
618 3965 669 4030 καί
689 3962 747 4049 τὴν
762 3971 820 4031 τοῦ
833 3961 958 4050 Ἀριίτον
973 3964 1118 4049 περὶτῶν
1134 3960 1288 4044 Φακνομί-

60 4072 62 4135 ί,
187 4089 250 4130 νων
269 4064 457 4151 διαηδριυσιν
471 4113 479 4129 .
491 4088 500 4130 .·
512 4099 522 4130 .·
534 4063 677 4134 Ἰοίννον
695 4073 751 4133 τοῦ
762 4073 873 4135 Λυδοῦ
886 4060 1098 4150 ιιαδημερινῆν
1112 4088 1145 4129 τι
1161 4064 1213 4129 καί
1227 4088 1288 4147 μη·

62 4218 64 4245 ,
187 4169 288 4232 νιαίαν
305 4167 523 4257 παρατήρησιν.
564 4169 601 4237 τοί
615 4170 648 4237 δί
661 4176 715 4255 τῆς
728 4173 975 4257 ηενεδίιαίογίας
989 4164 1064 4235 ’ὅσον
1077 4167 1111 4234 lv
1125 4173 1190 4243 τοῖς
1205 4167 1288 4251 ιίρη-

63 4302 64 4333 ι
187 4268 289 4354 μίνοις
301 4272 524 4361 παρέσπαρται,
546 4272 589 4351 οίς
607 4269 761 4359 αἲπδβίητα
774 4279 832 4359 τῆς
843 4279 901 4340 τοῦ
915 4275 995 4341 θεοῦ
1008 4269 1165 4351 ἐκκλησίας
1176 4267 1201 4353 ἦ
1211 4266 1288 4350 τίμι-

64 4380 65 4411 l
186 4371 256 4456 τίρα
281 4367 478 4457 αίιτοτρίπιται
503 4378 648 4461 βασιλεία.
691 4380 862 4461 cuit-textui
888 4377 997 4439 adiecit
1022 4376 1111 4434 Lami
1133 4374 1287 4456 antiquam

229 4483 339 4539 lomes
360 4483 455 4555 laudnt.
1050 4472 1081 4506 **
