3125 4959
222 424 298 495 ero
540 403 542 407 ’
622 419 794 487 romnus
822 420 925 487 nrm

222 584 432 670 ἀναδοθῆναι
460 582 525 669 γὰρ
551 584 617 651 rosi
642 580 786 663 αόλακος
811 581 965 667 παιδίον,
994 580 1070 664 ἄρτι
1089 583 1152 669 μὲν
1172 587 1328 672 τεχθῆναι

222 688 363 766 δοκοῦν,
398 682 550 753 ὀδόντων
577 686 614 754 δὲ
640 685 698 755 καί
723 690 792 754 τεόν
818 684 928 754 ἄλλων
954 690 1023 753 τοῖν
1049 686 1087 753 ἐν
1109 686 1222 773 ἡλικίᾳ
1241 710 1327 771 γνω-

222 784 390 872 ρισμότων
416 783 606 870 ἀπροσδεές.
647 780 692 877 ῆν
718 789 754 857 δὲ
781 785 846 871 όρα
866 790 903 857 τό
925 789 1062 857 παιδίον
1084 784 1103 857 6
1127 786 1258 874 Τόγης,
1285 787 1326 857 όν

221 887 263 976 δὴ
290 887 346 956 καί
374 888 513 973 χθόνιον
529 888 637 967 Ἑρμῆν
664 888 749 959 εἶναι
774 897 845 969 τοῖς
862 889 1017 978 Ἕλλησιν
1037 891 1163 971 ἔδοξεν,
1193 888 1240 969 τίς
1259 912 1326 957 που
1370 896 1373 902 ’

220 991 278 1061 καί
314 988 470 1073 Πρόκλος
506 994 610 1081 φησίν
645 992 665 1062 6
698 991 863 1079 διάδοχος.
906 1000 1007 1062 τοῦτο
1037 992 1075 1064 δὲ
1104 992 1351 1079 όλληγορικιόςὸ

219 1093 312 1178 παρὰ
341 1094 401 1160 τόν
431 1093 601 1179 ἱερατικὸν
627 1092 918 1178 παρακεκόλυτιται
939 1095 1064 1182 νόμον,
1091 1094 1160 1163 ἐπεί
1181 1092 1224 1163 οό
1243 1116 1328 1180 προ-

218 1200 336 1285 φανῶς
365 1192 384 1263 6
415 1196 489 1280 περί
514 1194 695 1281 θειοτέραν
720 1196 922 1284 πραγμάτων
941 1198 1039 1285 λόγος
1061 1197 1117 1267 διό
1137 1200 1218 1279 τοός
1237 1198 1327 1268 όυιέ-

217 1325 317 1387 ρους,
343 1298 427 1369 ἄλλό
448 1302 512 1367 νῦν
531 1297 592 1386 μὲν
612 1305 764 1384 μυθικοῖς
785 1306 850 1369 νῦν
871 1300 906 1369 δὲ
927 1305 1163 1386 παραβολικοῖς
1181 1302 1327 1388 παραδέ·

217 1406 331 1474 δοται·
363 1398 438 1470 όντί
458 1400 524 1487 γὰρ
546 1406 608 1468 τοῦ
630 1400 733 1468 εἰπεῖν
753 1402 864 1488 ψυχῆν
884 1403 1090 1489 τελειοτάτην
1110 1406 1167 1472 καί
1188 1410 1256 1472 τῶν
1277 1407 1327 1473 oi·
1399 1458 1402 1461 .

216 1508 317 1577 κείων
336 1503 509 1591 ἐνεργειῶν
531 1500 700 1589 ἀπροσδεῆ
720 1501 772 1571 ἐπί
794 1504 855 1590 τῆν
874 1502 960 1591 όλῆν
974 1504 1102 1586 ἐλθεῖν,
1122 1507 1251 1593 βρέφος
1263 1504 1368 1591 cio-10

214 1607 340 1695 τιγενὲς
366 1606 409 1675 ἐκ·
431 1608 496 1675 τοῦ
524 1604 668 1684 αόλακος
697 1601 908 1694 ἀναδοθῆναί
936 1626 1028 1694 φησι.
1074 1606 1215 1696 Τόρχων
1241 1610 1277 1677 δὲ
1304 1610 1324 1677 ό

215 1708 439 1799 πρεσβύτερος
461 1708 595 1795 (γε’γονε
616 1706 680 1791 γὰρ
702 1705 742 1791 δῆ
764 1708 820 1773 καί
841 1706 1011 1789 νεώτερος,
1032 1708 1086 1774 ἐπί
1107 1717 1175 1775 τῶν
1188 1714 1324 1777 Αἰνείου

216 1810 499 1897 στρατευσόμενος
520 1807 673 1895 χρόνων)
694 1805 733 1874 τό
754 1809 892 1876 παιδίον
912 1805 1091 1894 όναλαβεόν
1111 1811 1259 1889 καὶτοῖς
1280 1814 1324 1879 λε-

215 1922 291 2001 ροῖς
318 1910 562 1998 ἐνατοδίμενος
587 1908 700 1987 τόποις
729 1906 826 1994 ῆξίου
852 1934 885 1979 τι
912 1907 995 1995 παρ’
1018 1911 1110 1973 eison
1131 1915 1200 1980 τῶν
1219 1910 1324 1996 ‘3⁸⁰0‘

215 2016 327 2105 ρῆτων
347 2022 477 2103 μαθεῖν.
517 2016 580 2082 τοῦ
601 2011 638 2081 δὲ
659 2012 860 2095 αίτουμίνου
880 2012 988 2097 τυχόν
1007 2015 1119 2098 βιβλίον
1141 2012 1179 2080 ἐκ
1196 2018 1364 2083 coinel-15

213 2119 366 2207 ρημένων
396 2112 620 2198 συνέγραψεν,
648 2110 685 2178 ἐν
712 2104 739 2202 ᾧ
767 2111 971 2183 πυνθάνεται
993 2112 1094 2199 μὲνό
1122 2114 1262 2201 Τόρχων
1281 2123 1323 2206 τῆ

213 2228 284 2289 τῶν
306 2218 442 2307 Ἰταλόν
469 2212 574 2303 ταότῃ
602 2216 644 2301 τῆ
671 2213 812 2302 συνήθει
840 2222 956 2306 φωνῆ,
992 2213 1207 2301 ἀποκρίνεται
1235 2218 1272 2288 δὲ
1300 2221 1321 2287 ό

219 2320 329 2409 Τόγης
354 2318 543 2406 γράμμασιν
577 2312 728 2401 α’ρχαίοις
753 2341 789 2384 τε
818 2317 875 2386 καί
904 2318 948 2388 ori
978 2318 1111 2405 σφόδρα
1142 2323 1323 2409 γνωρίμοις

213 2424 296 2513 ἡμῖν
331 2446 369 2511 γε
403 2419 551 2506 ἐμμένων
576 2424 644 2487 τοῖν
673 2416 891 2505 ἀποκρίσεων.
934 2420 1021 2508 πλῆυ
1048 2417 1121 2490 ἀλλ’
1150 2422 1234 2490 ὅσον
1261 2448 1321 2507 μοι

210 2527 327 2614 γέγονε
348 2522 507 2605 δυνατόν,
538 2521 575 2590 ίκ
591 2544 626 2591 τε
646 2526 715 2591 τόν
734 2520 887 2592 πεόσεων
910 2522 947 2591 ίκ
967 2546 1003 2591 τε
1022 2531 1091 2592 τόν
1111 2520 1220 2593 ἄλλων
1243 2523 1363 2600 όοοιοο

210 2627 353 2707 τούτους
388 2624 617 2713 ῆρμῆνευσαν,
649 2622 851 2705 Κατίτωνός
876 2623 911 2693 τέ
937 2651 1025 2714 φημι
1055 2626 1112 2695 καί
1142 2630 1321 2713 Φωντῆίου

211 2733 269 2799 καί
295 2726 496 2817 Ἀπουληίου
522 2728 697 2797 Βικελλίου
727 2750 763 2798 τε
789 2729 845 2798 καί
868 2733 1049 2817 Λαβεῶνος
1068 2730 1126 2799 καί
1145 2730 1319 2817 Φιγοόλον

212 2832 354 2905 Πλινίου
386 2855 421 2899 τε
456 2834 517 2899 τοῦ
552 2834 717 2916 φυσικοῦ,
752 2830 953 2921 πειράσομαι
983 2838 1090 2903 ταῦτα
1117 2831 1204 2920 πρός
1231 2831 1320 2919 ὑμᾶς

210 2938 364 3003 διελθεῖν.
396 2946 398 2951 ’
525 2942 528 2946 “
881 2944 883 2948 ’

283 3102 479 3169 1τετεχθῆναι
490 3102 523 3153 C.
639 3102 829 3172 ἰδβεκελλίου
840 3104 874 3158 c.
908 3100 1255 3158 sedvideinfrsudnss.
1278 3103 1316 3158 H.

210 3275 336 3331 puerum,
360 3252 451 3324 specie
466 3253 571 3322 quidem
588 3271 678 3309 eorum
696 3257 743 3337 qui
758 3265 880 3311 recentes
900 3275 917 3312 ε
936 3263 1015 3343 partu
1031 3264 1108 3326 sunt,
1133 3258 1257 3311 dentibus
1273 3265 1317 3311 ta-

210 3348 269 3382 men
287 3328 443 3379 instructum
463 3324 611 3391 ceterisque
632 3332 728 3378 aetatis
746 3326 852 3381 adultae
875 3327 969 3397 signrs.
1004 3328 1048 3381 hic
1066 3329 1148 3399 igitur
1173 3344 1239 3399 puer
1258 3336 1317 3381 erat

211 3400 317 3465 Tages,
343 3412 420 3514 epuem
438 3394 548 3445 eundem
567 3388 725 3447 Mercurium
742 3394 856 3450 inferum
875 3417 935 3450 esse
947 3398 1046 3452 Graeci
1065 3398 1221 3469 opinantur,
1247 3397 1317 3450 sicut

209 3466 318 3520 Procius
336 3463 432 3517 sicubi
451 3462 489 3515 uit
509 3462 670 3514 Diadochus.
706 3462 734 3515 id
753 3482 787 3517 ue
811 3466 945 3535 allegoriis
964 3468 1025 3534 iege
1046 3484 1180 3520 sacrorum
1202 3466 1317 3519 velatum

209 3536 277 3591 fuit:
302 3552 388 3603 neque
407 3531 474 3585 enim
491 3530 605 3584 dilucide
624 3548 713 3585 rerum
734 3483 882 3587 6ivinurum
899 3536 1039 3605 disciplina
1055 3545 1165 3607 propter
1181 3536 1317 3606 profanos,

209 3608 258 3659 sed
272 3605 350 3657 modo
368 3602 464 3655 fabulis
481 3603 557 3661 modo
581 3600 715 3672 parobolis
735 3598 855 3656 involuta
874 3604 997 3658 truditur.
1031 3605 1070 3659 itu
1092 3622 1142 3675 pro
1166 3605 1231 3672 hoc,
1257 3602 1316 3655 urii-

208 3692 277 3731 mum
302 3671 524 3742 perfectissimum
546 3672 716 3741 propriisque
732 3671 901 3727 facultatibus
919 3673 1022 3728 minime
1043 3684 1163 3745 egentem
1180 3675 1214 3727 ud
1231 3680 1315 3723 mate-

208 3744 275 3796 riam
292 3742 453 3810 secessisse,
471 3739 535 3792 iilud
552 3740 607 3807 uit,
624 3742 753 3802 infantem
769 3758 863 3796 reeens
880 3752 968 3797 natum
986 3746 1121 3797 exstitisse
1138 3744 1178 3798 sic
1198 3762 1213 3795 e
1231 3738 1314 3793 sulco.

209 3812 335 3866 Tarchon
354 3810 437 3862 nraior
460 3811 537 3876 (nam
555 3809 621 3862 ulter
638 3828 744 3881 quoque
761 3809 895 3866 inferioris
914 3814 1010 3867 aetatis
1032 3815 1099 3880 fuit,
1123 3814 1230 3865 Aeneae
1247 3819 1314 3861 tem-

207 3881 318 3952 poribus
336 3880 365 3932 in
383 3879 449 3933 bello
469 3882 608 3946 versutus)
633 3899 691 3933 cum
711 3897 821 3950 puerum
842 3883 970 3936 sublatum
986 3884 1052 3937 locis
1072 3884 1157 3936 sacris
1175 3878 1313 3947 deposuis-

208 3959 266 4018 set,
288 3951 356 4020 petit
375 3950 428 4002 uti
449 3966 504 4001 sum
524 3948 588 4018 quid
606 3968 760 4004 arcanorum
777 3954 895 4006 edoceat.
931 3970 999 4022 quae
1015 3959 1160 4021 rogaverat
1180 3949 1312 4017 impetrat.

209 4036 225 4071 e
240 4018 417 4137 pronuntiatis
430 3969 529 4071 iibrum
547 4021 707 4088 conscribit,
723 4020 751 4073 in
766 4036 818 4104 quo
835 4022 984 4090 interrogat
1000 4025 1126 4082 Tarchon
1142 4018 1209 4071 Itulo
1224 4027 1312 4073 nostro

206 4106 242 4140 vu
253 4090 310 4157 geri
326 4106 461 4153 sermone,
479 4090 623 4157 respondet
639 4092 745 4159 Tages,
763 4090 855 4146 literas
875 4102 994 4145 vetustas
1014 4108 1101 4160 neque
1116 4089 1155 4140 ita
1170 4087 1247 4139 nobis
1264 4107 1310 4141 co-

204 4157 425 4226 gnitusretiuens
445 4157 472 4210 in
492 4159 638 4227 responsis.
673 4161 721 4213 sed
739 4168 841 4229 tumen,
869 4162 1038 4232 quantumin
1055 4156 1178 4225 mefuit,
1205 4175 1261 4210 cum
1278 4177 1310 4212 ex

204 4226 473 4295 interrogationibus,
492 4236 546 4281 tum
561 4246 594 4281 ex
609 4228 761 4283 auctoribus
779 4231 837 4284 eliis
854 4232 901 4301 qui
917 4232 966 4283 bos
981 4231 1053 4283 inter
1072 4226 1152 4280 retati
1169 4239 1243 4294 sunt,
1260 4227 1311 4280 boe

206 4305 299 4349 estex
317 4295 393 4348 Ateio
409 4296 555 4365 Capitone,
577 4300 707 4365 Fonteio,
726 4300 877 4369 LApuleio,
896 4300 1025 4366 Viceiiio,
1043 4246 1159 4353 Xntistio
1175 4297 1311 4362 Labeone,

149 4365 152 4370 ’
203 4362 339 4432 primodio
354 4364 465 4436 Figulo,
482 4366 735 4426 cinnomannis
747 4369 875 4427 historiae
892 4370 1042 4442 scriptore,
1059 4368 1175 4423 conabor
1188 4384 1222 4422 eu
1234 4367 1311 4421 vobis

205 4452 341 4491 enarrare.
