3125 4959
247 420 321 492 aaa
646 414 816 502 romnis
843 415 946 485 nrm

243 588 378 680 χώραις,
399 587 449 657 καλ
465 585 520 657 uria
534 585 653 677 ἇνδρῶν
668 584 761 673 μόνον
776 585 856 655 atas
870 590 921 655 καλ
935 591 998 655 τῶν
1013 585 1045 656 ἓν
1058 593 1123 668 τοῖς
1133 582 1236 667 δίλλοις
1249 584 1337 681 ζῴοις

246 696 421 784 άρσενικῶν,
443 692 490 760 δτι
504 692 595 781 ι’ίρρεν
608 691 713 781 ζῴδιον
725 689 742 757 ὃ
753 690 913 781 δδροχόος.

344 795 382 864 Ὁ
406 795 520 881 ἥλιος
544 794 686 878 ίχθόσι
705 798 778 879 μηνὶ
793 797 940 884 Μαρτίῳ.
988 791 1076 878 ἡλίου
1096 790 1335 880 ίχθόσιγενομί-

245 926 300 967 νου
315 902 342 966 εί
357 900 448 983 τυχόν
467 902 500 966 ἐν
518 894 619 991 ἦμόρρ
633 899 747 985 βροντὴ
763 899 901 985 γίνηται,
929 892 1076 980 ὅάμητος
1089 894 1173 964 ἴαται
1186 894 1335 983 γεννημά-

246 1028 308 1070 των
322 1000 560 1091 ἀφθονώτατος,
591 1005 623 1068 ολ
641 1028 674 1068 τε
696 999 785 1089 ὑγροὶ
803 1004 914 1089 καρποὶ
932 999 988 1083 οὐχ
1002 998 1112 1084 ἥκιστα
1126 998 1359 1067 insinuaverim

247 1106 299 1171 δπί
320 1131 352 1172 τε
378 1113 434 1190 τῆς
451 1107 531 1172 καθ’
553 1102 636 1190 ἡμᾶς
656 1106 782 1182 Λυδίας
803 1106 943 1181 Κιλικίας
964 1106 1160 1190 Παμφυλίας
1181 1106 1337 1183 Φαζανίας

246 1211 501 1292 Νασαμωνίτιδος
521 1212 572 1275 καὶ
586 1210 617 1273 Γ
614 1214 822 1295 αραμαντικῆς
841 1208 913 1292 (καλ
930 1206 989 1291 γάρ
1008 1203 1068 1272 aab
1086 1218 1151 1284 τοῖς
1167 1205 1292 1289 ίχθόσιν
1305 1205 1338 1271 αἱ

244 1312 361 1399 χῶραι)
378 1312 417 1378 τὰ
433 1309 533 1397 θήλεα
547 1318 607 1377 τῶν
626 1309 709 1398 ζῴων
724 1310 785 1375 ἀπὸ
800 1315 926 1397 λογικῶν
938 1309 995 1386 ἕως
1009 1306 1129 1396 άλόγοιν
1147 1304 1338 1397 σκυθρωπό-

247 1438 304 1495 ura,
326 1414 374 1481 ότι
388 1420 471 1499 θῆλυ
486 1412 592 1502 ζῴδιον
606 1414 635 1478 ολ
649 1410 766 1496 δχθάος.

351 1514 411 1586 24·
457 1515 495 1582 ‘O
512 1515 627 1600 ἥλιος
643 1523 738 1606 κριῷ
756 1516 829 1601 μηνί
842 1513 997 1603 Ἀπριλίφ.
1021 1510 1108 1598 ἡλίου
1124 1512 1172 1577 ἐπὶ
1186 1512 1241 1578 τὸν
1253 1512 1381 1600 aperivit)

245 1615 384 1697 ἀνιόντος
399 1623 425 1686 ιλ
438 1620 570 1707 βροντὴν
584 1620 725 1705 γενέσθαι
741 1618 877 1700 συμβαίη
893 1616 973 1682 ἀλλὰ
987 1616 1031 1699 μὴ
1042 1614 1159 1700 βροχὴν
1170 1615 1338 1681 ἐπακολου-

245 1727 363 1807 θῆσαι,
399 1724 447 1787 lut
469 1724 672 1810 Βρεταννίας,
705 1722 879 1797 Γαλατίας,
915 1720 948 1782 Γ
943 1719 1107 1804 ερμανίας,
1138 1722 1338 1804 Βασταρνῶν,

245 1826 363 1909 Συρίας
380 1827 498 1907 κοίλης,
526 1824 695 1901 Ἰουδαίας,
728 1821 902 1902 Ἰδουμαίας
925 1828 1039 1897 πτῶσις
1061 1818 1235 1906 ἀνθρώπων
1253 1820 1339 1885 ἔσται

246 1924 383 2013 θόρυβοί
398 1952 430 1993 τε
453 1926 531 1991 κατὰ
548 1921 650 2002 πόλεις
673 1928 725 1990 καί
748 1926 870 2008 πνιγμολ
892 1925 942 1988 καλ
962 1924 1075 2007 αδχμολ
1089 1926 1139 1988 καλ
1156 1929 1217 1988 τῶν
1234 1929 1338 2009 φυτῶν

246 2029 383 2116 ἀκαρπία
387 2078 399 2111 ,
433 2032 484 2096 καὶ
497 2025 704 2117 διαφερόντως
718 2033 779 2093 τῶν
791 2027 971 2112 άρρενωπιόν
979 2071 989 2104 ,
1025 2023 1072 2091 ὅτι
1090 2025 1183 2114 άρρτν
1197 2023 1305 2115 ζῴδιον
1320 2021 1380 2091 its

244 2158 266 2200 κ
287 2159 340 2211 ιος.

267 2160 284 2222 ρ
345 2232 383 2298 ‘0
407 2230 515 2315 ἥλιος
539 2227 669 2319 ταόριρ
692 2230 764 2313 μηνί
780 2229 892 2316 Μαΐῳ.
941 2226 1021 2292 κατὰ
1044 2231 1135 2293 τοῦτο
1155 2232 1212 2294 τοῦ
1230 2231 1339 2315 καιροῦ

246 2337 274 2403 ei
288 2335 421 2422 βροντὴν
438 2331 634 2422 ἐπιτροχάσαι
653 2333 807 2417 συμβαίη,
832 2328 947 2395 {tusam
968 2337 1029 2397 τῶν
1050 2332 1223 2418 ἐπιτηδείων
1242 2357 1340 2419 προσ-

248 2439 407 2521 δοκητίου,
444 2439 500 2521 οὐχ
528 2438 637 2521 ἣκιστα
659 2437 693 2501 δὲ
717 2435 755 2500 τά
781 2431 939 2520 ἀκρόδρυα
962 2432 1171 2510 άποτεόξιται·
1205 2434 1339 2520 καὶγὰρ

248 2538 354 2606 άπαλιλ
369 2543 419 2605 καὶ
434 2538 476 2616 ὡς
488 2541 565 2627 πρὸς
577 2538 775 2615 τοῦςάλλους
791 2535 926 2623 καρποὺς
938 2532 1156 2619 μαλακώτατα.
1205 2536 1293 2602 οὐδὲν
1305 2536 1381 2608 δέξο

247 2636 339 2728 ἦττον
363 2648 412 2708 καί
433 2642 534 2721 πόλεις
553 2643 585 2707 αἱ
606 2642 683 2728 πρὸς
704 2648 742 2727 τῇ
758 2638 899 2725 θαλάττῃ
914 2642 1067 2722 πολεμίοις
1082 2636 1355 2725 παραστήσονται,

247 2749 350 2820 ἔπιτε
372 2753 432 2810 τῶν
448 2744 618 2810 Κυκλάδων
637 2747 686 2807 καὶ
709 2749 769 2808 τῶν
793 2743 950 2829 παραλίων
965 2751 1020 2826 τῆς
1035 2743 1259 2830 μικρᾶςἈσίας
1274 2743 1341 2819 (καλ

247 2850 308 2938 γάρ
325 2850 506 2937 Ἀφροδίτης
526 2844 546 2931 ἡ
567 2846 750 2930 θάλαττα),
782 2844 913 2934 Κάπρου
927 2849 1056 2931 Μηδίας
1068 2870 1100 2910 τι
1119 2847 1170 2910 καλ
1186 2847 1339 2930 Περσίδος

316 3056 386 3114 8τδι
404 3059 482 3129 vulgo
496 3076 548 3112 em.
650 3052 844 3125 σκυθρωπάζει
858 3056 891 3109 G.
995 3058 1029 3109 19
1044 3047 1214 3117 ίπιτεάξεται
1227 3050 1264 3105 R.

250 3244 362 3297 centium
375 3242 403 3295 in
419 3243 571 3311 regionibus
589 3242 665 3295 modo
681 3240 769 3295 dietis.
805 3256 892 3310 neque
907 3239 1038 3294 hominum
1053 3242 1149 3309 solum,
1174 3241 1222 3295 sed
1237 3256 1339 3294 masen-

248 3313 330 3367 lurum
366 3329 452 3380 noque
469 3314 539 3366 inter
555 3312 620 3364 alias
638 3312 798 3365 animantes:
817 3312 915 3380 quippe
932 3311 1071 3363 masculum
1088 3312 1190 3379 signum
1207 3309 1338 3379 aquarius.

319 3330 366 3433 Sii
382 3382 498 3451 piscibus
515 3400 603 3434 mense
621 3381 728 3434 Martio.
763 3380 820 3433 soie
836 3381 923 3449 pisces
943 3382 1078 3449 ingresso,
1100 3382 1124 3433 si
1140 3383 1210 3432 sorte
1226 3377 1340 3431 interdiu

249 3456 343 3517 tonet,
366 3451 457 3503 messis
478 3451 529 3504 erit
540 3451 659 3518 frugibus
674 3450 910 3516 abundantissima,
935 3468 984 3502 uec
1001 3450 1120 3501 minimus
1136 3452 1272 3503 baccarum
1289 3462 1338 3513 po·

248 3536 399 3588 morumque
416 3521 495 3573 setus.
522 3523 568 3572 sed
587 3536 636 3588 per
652 3529 767 3571 nostram
785 3518 905 3584 Lydiam,
922 3518 1050 3584 Ciliciam,
1067 3516 1253 3588 Pamphyliam,
1267 3515 1337 3566 Pha-

248 3590 366 3654 2aniam,
393 3588 631 3654 Nasamonitidmn,
659 3587 870 3639 Garamanticam
887 3592 957 3651 (nam
976 3588 1024 3639 sub
1041 3586 1157 3655 piscibus
1174 3592 1272 3639 tractus
1288 3581 1339 3650 illi)

249 3656 363 3709 feminae
380 3657 563 3724 mrirnantium,
584 3656 623 3709 ab
637 3655 669 3707 iis
684 3672 751 3723 quae
766 3654 869 3706 ratione
887 3664 993 3707 utuntur
1012 3672 1095 3725 usque
1113 3658 1147 3709 ad
1162 3657 1250 3720 brun,
1275 3668 1340 3703 con-

249 3724 436 3778 tristabuntur:
456 3743 513 3778 nam
526 3728 627 3794 signum
644 3724 782 3777 femineum
796 3732 858 3775 sunt
874 3722 972 3792 pisces.
1216 3760 1220 3765 ι

318 3792 362 3844 24.
398 3791 546 3858 solariete
563 3812 652 3847 mense
668 3792 762 3862 Aprili.
798 3792 853 3843 soie
879 3794 913 3845 ad
937 3793 1045 3845 arietem
1062 3810 1092 3845 se
1109 3791 1215 3843 tollente
1230 3787 1253 3839 si
1267 3788 1338 3839 sorte

248 3867 341 3927 tonet,
366 3860 404 3911 ita
423 3870 509 3913 tamen
529 3871 556 3914 ut
573 3863 661 3931 pluvia
679 3880 729 3914 non
747 3860 937 3929 subsequatur,
962 3881 1009 3931 per
1022 3862 1196 3922 Britanniam,
1218 3854 1338 3923 Galliam,

250 3929 426 3995 Germaniam,
445 3946 492 3997 per
511 3930 668 3997 Bastarnas,
689 3928 881 3996 coelesyriam,
899 3932 1038 3998 Iudaeam,
1055 3932 1219 3991 Idumaeam,
1236 3934 1338 3993 strages

249 4000 380 4052 hominum
394 3998 454 4064 erit,
472 4000 594 4052 tumuitus
610 4018 658 4069 per
674 4000 805 4064 civitates,
822 4009 920 4067 aestus,
938 4000 1079 4067 siccitates,
1093 4000 1194 4063 frugum
1207 3995 1339 4063 interitus,

250 4066 404 4140 praesertim
421 4068 448 4119 in
467 4068 562 4137 plantis
579 4070 679 4189 'speciei
696 4067 797 4120 virilis:
815 4086 873 4121 nam
890 4069 992 4137 signum
1008 4066 1144 4122 masculum
1157 4063 1236 4117 aries.

320 4136 365 4188 sol
389 4145 463 4188 tauro
486 4154 573 4190 mersae
591 4139 672 4191 iiaio.
708 4139 755 4189 sub
779 4136 808 4189 id
830 4146 933 4206 tempus
956 4140 980 4191 si
1001 4135 1128 4203 contingit
1148 4141 1178 4188 ut
1197 4132 1338 4189 tonitruum

250 4205 313 4272 iiat,
331 4205 421 4274 ἱστορία
437 4205 523 4259 vietus
540 4208 733 4276 exspectanda,
757 4223 806 4257 nec
823 4208 952 4258 minimam
967 4206 1139 4260 calamitatem
1155 4205 1252 4256 bacese
1269 4203 1339 4256 aeci-

250 4275 338 4343 pient:
356 4284 461 4327 tenerae
480 4275 547 4327 enim
561 4286 621 4329 sunt
639 4285 666 4327 et
683 4292 739 4326 eum
755 4274 814 4327 aliis
833 4276 952 4342 frugibus
970 4275 1078 4327 collatae
1091 4271 1266 4326 mollissimae.
1291 4290 1339 4325 ne·

251 4344 407 4409 queminus
431 4344 553 4397 civitates
579 4345 723 4397 maritimae
745 4346 778 4396 ab
800 4344 919 4396 hostibus
943 4343 1112 4410 subigantur,
1141 4357 1190 4412 per
1212 4339 1341 4409 Cyclades

252 4427 364 4480 orasque
378 4412 459 4469 Asiae
474 4412 582 4469 minaria
599 4414 711 4485 (quippe
727 4430 799 4468 mare
813 4413 912 4467 Veneri
926 4413 1060 4486 proprium
1072 4412 1137 4481 est),
1152 4416 1203 4483 per
1214 4410 1341 4482 cyprum,
