3125 4959
238 444 282 493 ru.
526 421 636 491 uasti
660 420 718 491 DE
742 418 901 489 totum!
925 419 1044 489 troo

239 642 357 684 arentes
371 641 464 704 quam
479 632 542 683 erat
555 624 688 683 Graecae
708 610 866 679 cathedrae
883 620 917 678 iu
931 618 1066 701 (tullegio
1083 611 1227 681 Francius
1240 636 1330 699 prae·

238 728 349 802 fectus,
377 730 492 785 virente
512 727 670 785 etiamtum
690 731 786 781 aetate
804 721 959 802 repentino
979 741 1139 803 oppressus
1152 721 1258 782 morbo
1274 730 1330 781 est.

238 830 322 889 cuius
340 830 446 909 optimi
459 827 698 907 sanctissimique
709 824 766 884 viri
783 826 945 891 immaturo
963 824 1049 885 obitu
1064 834 1208 906 quautam
1226 825 1330 883 civitas

194 996 195 999 Ἴ
237 940 337 990 nostra
365 932 398 988 iu
423 930 518 988 literis
546 931 693 987 iacturam
715 926 837 1001 fecerit,
872 928 991 986 tametsi
1014 924 1157 986 homines
1173 924 1330 986 historicos

132 1023 134 1027 ’
238 1052 352 1108 ornnes,
375 1031 481 1091 ubiubi
496 1033 565 1107 siut,
587 1032 755 1111 intelligere
771 1029 908 1105 arbitror,
928 1038 1031 1088 mmeu
1046 1048 1114 1109 ego,
1135 1026 1219 1109 quod
1230 1030 1331 1106 ipsum

145 1191 147 1193 ,
236 1136 317 1209 novi,
340 1132 422 1214 quod
434 1130 557 1192 domum
573 1134 635 1192 eius
647 1133 848 1215 frequentavi,
863 1128 945 1211 quod
956 1149 1012 1210 per
1025 1130 1141 1212 aliquot
1153 1149 1248 1189 anuos
1258 1148 1331 1189 con·

237 1236 337 1292 tinuos
358 1253 530 1294 sermonum
554 1234 688 1310 auditor,
722 1234 1007 1294 commentationum
1023 1235 1127 1307 testis,
1163 1231 1330 1293 studiorum

237 1336 361 1394 mirator
375 1338 493 1413 exstiti,
524 1340 621 1396 acrius
638 1336 724 1414 potui
740 1335 868 1399 unaue
890 1345 983 1415 qnam
1002 1335 1140 1415 plerique
1153 1336 1330 1414 perspicere.

91 1434 494 1521 p.1.xv111nitt0homirrem
508 1439 612 1517 lingua
628 1438 757 1513 Graeca,
789 1446 823 1496 ut
837 1437 940 1497 nullus
954 1455 1106 1517 unquam,
1134 1437 1262 1496 lectione
1278 1438 1329 1495 iu·

235 1550 399 1613 structum3
435 1540 522 1599 mitto
544 1540 689 1600 librorum
710 1538 932 1617 cognitionem,
967 1539 1056 1597 mitto
1079 1538 1328 1618 inscriptionum

235 1643 304 1722 quis
325 1642 420 1701 literis
437 1642 548 1702 Italicis
562 1637 727 1702 eruditiori
758 1640 827 1721 quis
846 1640 880 1697 in
900 1637 1115 1699 consuetudine
1137 1640 1268 1716 dulcior,
1296 1643 1329 1699 in

236 1741 371 1806 docendo
389 1743 556 1822 copiosiori
599 1743 746 1804 memoria
759 1761 831 1803 vero
844 1751 929 1800 tanta
945 1752 1008 1802 erat
1021 1751 1052 1802 et
1063 1742 1224 1803 verborum
1238 1755 1330 1812 etre-

179 1869 181 1873 ·
237 1866 313 1923 rum,
335 1856 369 1904 ut
384 1847 485 1905 orantia
501 1863 578 1927 quae
593 1864 728 1928 uuquam
741 1846 858 1923 legerat
872 1844 1069 1904 meminisset.
1090 1856 1181 1928 atque
1196 1844 1247 1904 hic
1261 1847 1329 1906 talis

234 1950 282 2008 vir
304 1946 439 2007 discessit
453 1936 471 2006 a
486 1947 590 2024 nobis,
622 1949 724 2007 animo
745 1950 910 2007 etiamtunc
926 1949 1137 2026 vegetissimo,
1165 1967 1260 2008 annos
1274 1950 1329 2007 vix

234 2058 322 2108 natus
335 2048 393 2125 553
423 2052 656 2132 necquicquam
675 2068 716 2108 ex
738 2052 857 2129 maguis
877 2051 1016 2130 operibus
1032 2069 1109 2132 quae
1123 2072 1242 2111 summo
1260 2069 1330 2109 cum

233 2151 335 2210 labore
349 2162 380 2209 et
392 2149 547 2231 diligentia
560 2150 767 2227 inchoaverat,
789 2169 927 2235 quaeque
943 2156 1038 2213 vitam
1053 2156 1101 2213 illi
1116 2151 1207 2213 dubio
1224 2152 1329 2233 procul

235 2262 405 2331 reparatura
421 2264 520 2341 eraut,
545 2255 650 2334 spatiis
664 2256 804 2312 exclusus
816 2256 929 2336 iniquis
942 2259 1111 2339 relinquere
1124 2259 1223 2335 potuit
1238 2256 1329 2315 abso-

233 2353 348 2427 lutum3
377 2353 525 2416 desiderio
546 2366 646 2415 autem
665 2354 834 2415 incredibili
850 2357 950 2417 affecit
964 2379 1034 2417 cum
1046 2362 1229 2419 necessarius
1247 2376 1328 2429 suos,

233 2453 371 2517 homiues
393 2479 543 2535 smnmcs,
563 2470 631 2519 tum
649 2460 831 2538 meipsum,
850 2463 899 2519 cui
919 2462 986 2521 loco
1005 2463 1098 2540 patris
1123 2479 1242 2538 semper
1260 2459 1328 2516 fuit.

233 2569 324 2639 atque
341 2557 379 2618 de
396 2562 467 2638 illo,
497 2564 648 2643 quoniam·
659 2582 713 2643 pro
736 2563 965 2639 incomparabili
979 2564 1045 2620 eius
1065 2580 1137 2639 erga
1152 2580 1201 2618 me
1217 2561 1328 2639 pietate

233 2663 316 2739 paria
335 2665 505 2741 persolvere
525 2684 661 2745 nequeo,
691 2661 774 2743 quod
786 2682 881 2722 unum
895 2662 998 2743 potui,
1026 2659 1102 2721 haec
1115 2680 1184 2721 cum
1196 2663 1328 2721 lacrimis

235 2762 350 2840 scripsi.
1096 2814 1102 2821 .

177 2868 236 2931 31¹
318 2863 371 2923 Vir
382 2872 483 2923 autem
496 2863 622 2926 illustris
635 2862 674 2924 de
687 2861 846 2942 Ghoisenl‚
876 2863 916 2925 ad
930 2886 1022 2950 quem
1035 2864 1164 2927 redierat
1178 2862 1259 2947 Lydi
1274 2884 1328 2923 co-
1352 2936 1354 2938 ‚

233 2962 303 3039 dex,
326 2962 488 3026 editionem
502 2988 626 3049 operum
641 2970 704 3028 eius
717 2966 795 3027 milri
811 2978 882 3038 tunc
897 2970 1018 3029 nolebat
1033 2969 1229 3028 committere.
1270 2986 1328 3025 ne·

234 3088 293 3148 que
316 3065 437 3125 hercade
457 3080 520 3128 erat
539 3090 576 3127 ea
595 3073 747 3150 pruvincia
767 3072 865 3129 aliena
886 3090 904 3130 a
924 3072 1088 3132 rationibus
1104 3071 1196 3145 meis,
1216 3088 1327 3151 neque,

234 3172 261 3229 si
275 3171 325 3229 vel
339 3171 473 3229 maxime
486 3170 609 3245 fuisset,
639 3191 837 3250 recusassem,
862 3195 974 3255 nempe
992 3194 1033 3233 ne
1054 3172 1166 3233 diutius
1184 3174 1328 3251 scriptore

234 3270 351 3330 erudito
367 3282 486 3331 nostrae
503 3272 609 3330 literae
629 3282 773 3331 carerent.
786 3274 789 3280 ’
821 3274 876 3333 sed
890 3275 997 3336 accidit
1014 3298 1050 3336 ec
1066 3280 1132 3356 ipso
1145 3286 1281 3353 tempore
1295 3284 1329 3333 ut

86 3383 217 3438 l’defflll
233 3392 252 3433 a
270 3374 430 3453 praefectis
451 3372 651 3434 bibliothecae
673 3375 839 3454 imperialis
858 3376 992 3437 custodia
1006 3379 1189 3437 Graecorum
1201 3378 1328 3443 Latino-

233 3495 360 3557 rumque
385 3474 522 3537 codicum
541 3475 618 3537 mihi
640 3474 842 3537 mandaretur.
884 3478 968 3561 quod
995 3480 1127 3539 officium
1149 3488 1184 3537 ut
1195 3480 1330 3559 primum

234 3581 332 3653 tenui,
363 3598 467 3641 emeres
486 3600 571 3641 curas
592 3582 788 3660 cogitationes
806 3578 906 3641 studia
928 3580 968 3642 ad
987 3600 1081 3642 uuam
1102 3600 1240 3642 revocare
1262 3598 1329 3639 rem

234 3682 378 3759 oportuit,
400 3681 598 3766 codicemque
614 3684 798 3744 Graecorum
814 3687 950 3745 omnium
963 3686 1111 3766 proximis
1125 3682 1328 3765 superioribus

234 3783 320 3853 annis
340 3802 380 3843 ex
401 3788 491 3845 variis
510 3788 613 3845 ltaliae
637 3786 755 3868 oppidis
776 3794 854 3871 eque
874 3789 947 3848 urbe
968 3789 1036 3867 ipss
1059 3788 1093 3845 in
1111 3782 1328 3846 bibliothecam

174 3901 177 3906 ·
234 3900 443 3967 congestorum
464 3892 631 3949 notationes
655 3890 816 3966 conficere,
844 3910 906 3949 nou
928 3910 1006 3972 quae
1025 3892 1150 3950 nomine
1173 3896 1327 3946 auctorum

236 3990 394 4071 titulosque
413 4012 538 4072 operum
557 3991 653 4052 nudos
668 3990 828 4069 habereut,
859 3992 914 4052 sed
936 4012 1013 4074 quae
1036 4001 1167 4050 aetutem
1187 3988 1327 4046 virtutem

233 4105 409 4173 argumente
429 4092 565 4154 codicmn
587 4105 721 4155 accurate
743 4094 928 4172 indicarent,
958 4106 993 4153 ut
1014 4087 1159 4175 quicquid
1183 4089 1326 4170 cuiusque

222 4198 361 4258 ,auctoris
383 4194 489 4255 inediti
510 4193 619 4254 editive
639 4199 671 4255 iu
691 4200 820 4279 singulis
840 4199 923 4257 foliis
948 4195 1218 4272 manuscriptormn
1237 4200 1326 4265 esset,

232 4316 292 4357 uno
313 4306 435 4377 aspectu
457 4308 692 4375 cognosceretur.
743 4290 786 4359 ita
807 4300 940 4359 msulavi
961 4297 994 4354 iu
1016 4294 1096 4353 hanc
1121 4315 1243 4375 operam
1266 4312 1327 4351 non

231 4398 322 4462 modo
341 4402 426 4462 iussu
447 4399 665 4480 praefectorum
686 4400 902 4477 bibliothecae,
942 4395 997 4460 sed
1018 4398 1133 4478 impetu
1153 4400 1244 4458 edun
1267 4396 1328 4454 acri
