3125 4959
276 402 327 472 60
685 402 858 473 loeutus
882 404 985 473 LYDI

275 583 344 650 ταῖς
358 574 544 656 σννθλίψεσι
560 579 771 661 τεόν-νεφελῶν
788 575 824 641 τό
844 575 945 664 ἀέριον
957 580 1008 642 καὶ
1027 574 1189 663 δραστικὸν
1204 581 1276 665 πῦρ.
1327 581 1380 645 stul

275 683 379 744 ταῶνα
393 675 447 741 τὸν
463 675 575 764 όρνιθα
588 687 651 755 τοῖς
666 678 757 766 ἱεροῖς
771 686 826 763 τῆς
833 678 937 767 Ἥρας
946 680 975 746 oi
990 683 1114 771 φυσικοὶ
1127 677 1265 748 διδόασιν
1277 680 1378 763 οἱονεί,

274 780 329 846 τόν
344 779 520 867 ἀστερωπὸν
540 780 616 867 ἀέρα
631 780 698 865 ἤτοι
715 781 856 871 οὐρανόν.

381 883 439 953 17.
490 884 520 949 ui
538 885 594 968 μὲν
606 885 743 969 Ἀθηνᾶν
755 887 812 972 τὴν
824 887 930 972 ψυχὴν
943 884 1036 966 εἶπον,
1054 885 1254 974 τριτογένειαν
1271 887 1306 953 δέ
1320 884 1379 951 αά-

273 985 329 1070 τὴν
353 985 405 1051 leel
428 985 464 1053 τό
486 998 568 1074 τρεῖς
594 985 668 1053 εἶναι
691 990 748 1069 τάς
767 993 917 1078 ένεργείας
937 997 992 1075 τῆς
1005 996 1129 1074 ψυχῆς·
1156 990 1186 1055 oi
1203 990 1402 1076 δέἈθηνᾶνὸ

273 1090 326 1156 τόν
343 1090 430 1177 ἀέρα,
456 1091 655 1178 τριτογένειαν
671 1094 706 1158 tl
722 1091 818 1176 αὐτὴν
832 1095 883 1160 διά
897 1094 1025 1182 ricperti
1039 1100 1225 1177 μεταβολαῖς
1236 1093 1379 1159 ἀλλοιοῦ-

273 1199 351 1259 σθαι
365 1194 418 1260 τὸν
436 1194 528 1280 ἀέρα,
556 1199 598 1273 είς
613 1195 667 1281 έαρ
685 1196 824 1281 δηλονότι
842 1199 936 1285 θέρος
951 1223 983 1265 τε
1001 1200 1052 1263 καί
1063 1205 1217 1281 χειμῶνα,
1238 1204 1380 1283 γλαυκιό·

272 1324 324 1362 πιν
343 1299 377 1363 δέ
392 1296 444 1362 tal
459 1296 494 1364 τό
510 1297 567 1382 τὴν
590 1307 646 1364 τοῦ
671 1300 761 1387 ἀέρος
783 1300 858 1384 ὄψιν
879 1301 1044 1387 ἔγγλαυκον
1056 1299 1148 1374 εἶναι.
1204 1302 1330 1388 Περσέα
1346 1302 1379 1366 δέ

273 1401 327 1467 τόν
351 1399 436 1484 ἥλιον
460 1403 510 1465 καὶ
537 1401 677 1488 Γοργόνα
697 1404 753 1488 τὴν
776 1402 893 1491 ἡμέραν
924 1407 957 1469 ln
980 1411 1036 1469 τοῦ
1059 1401 1172 1487 τάχους
1190 1400 1255 1470 οἷον
1276 1408 1379 1482 είπεῖν,

274 1501 320 1568 ότι
335 1504 387 1569 clati
400 1510 457 1569 τοῦ
470 1505 560 1591 ἀέρος
577 1501 593 1569 ό
611 1505 697 1589 ἣλιος
714 1508 891 1595 ἀποτρέχων
910 1508 1068 1592 ἀποτέμνει
1092 1508 1149 1585 τάς
1170 1504 1295 1592 ἡμέρας,
1318 1503 1378 1571 ἀπὸ
1388 1519 1422 1573 10

274 1612 329 1689 τῆς
343 1607 478 1692 Ἀθηνᾶς
496 1609 586 1675 οἱονεὶ
610 1616 665 1694 τῆς
686 1615 831 1698 προνοίας
851 1612 908 1695 τὴν
927 1611 1027 1696 ἅρπην
1049 1611 1132 1695 (ἀντὶ
1148 1617 1203 1694 τῆς
1219 1609 1378 1695 ὀξύτητος)

275 1708 395 1793 λαβών·
422 1713 472 1780 καὶ
495 1712 547 1777 clati
563 1718 653 1778 τοῦτο
670 1715 701 1777 έν
720 1725 782 1793 τοῖς
799 1712 974 1803 ὡρολογίοις
989 1714 1063 1794 έῖλος
1074 1710 1280 1802 ε’γγλόφεσθαι
1296 1716 1327 1777 Γ
1324 1732 1380 1803 ορ·

274 1811 349 1899 γόνα
367 1813 434 1879 ἀντὶ
447 1820 503 1880 τοῦ
520 1814 576 1900 τὴν
590 1812 717 1900 ἡμέραν.

378 1914 463 2001 όγεία
488 1920 569 1982 ἐστὶν
588 1916 608 2001 ἦ
629 1927 690 1986 τῶν
710 1921 854 1987 ἐναντίων
875 1916 1044 1987 ποιοτέτων
1064 1916 1217 1986 νατάτάν
1231 1917 1380 1985 παιστικόν

276 2015 366 2105 λόγον
379 2020 584 2107 έπικρατοῦσα
596 2017 735 2103 ἀόναμις.
1386 2028 1420 2085 15

125 2176 127 2179 .
180 2151 209 2206 p.
226 2131 263 2189 67
384 2121 441 2192 18.
495 2122 631 2201 Οόλπιος
652 2126 786 2191 insitire
805 2118 822 2189 ὅ
844 2122 1000 2209 Τραϊανὸς
1020 2121 1099 2189 κατά
1114 2120 1171 2206 τὴν
1192 2128 1249 2189 rou
1263 2120 1380 2208 πατρὸς

274 2227 496 2309 προσηγορίαν,
523 2238 653 2310 κρινῖτον
669 2228 702 2293 δέ
722 2225 816 2292 αὐτόν
831 2226 920 2293 οἱονεὶ
936 2224 1128 2309 ε’ἀπλόκαμον
1142 2235 1207 2304 τοῖς
1217 2222 1380 2307 Ῥωμαίοις

275 2326 370 2393 ἓόόκει
388 2332 491 2393 καλεῖν
515 2327 568 2393 ἀιά
592 2328 648 2412 τὴν
664 2331 732 2413 περὶ
753 2329 810 2404 τάς
829 2335 884 2411 τῆς
899 2331 1145 2416 κεφαλῇςαῦτοῦ
1160 2331 1266 2415 τρίχας
1281 2354 1379 2394 σπου-

275 2430 341 2516 όόν.
393 2433 444 2495 καὶ
460 2432 495 2497 τὸ
511 2432 567 2514 μέν
583 2438 674 2514 σῶμα
685 2423 721 2515 ἦν
736 2427 873 2518 βραχύς,
901 2432 941 2496 τά
960 2433 992 2496 δ’
1011 2432 1090 2496 ἀλλα
1109 2427 1378 2517 ἀγαθὸςτάντρό·

272 2562 330 2601 πον
346 2536 378 2599 έν
391 2533 573 2618 συνασκήσει
589 2534 691 2600 όπλων
707 2560 738 2601 τε
754 2538 806 2600 καὶ
821 2538 974 2625 γυμνασίᾳ
992 2532 1145 2616 στόματος,
1168 2534 1224 2598 οὖν
1240 2534 1422 2619 εόγενοῦςω

273 2635 431 2723 τνγχόνων
445 2641 609 2726 φαμιλίας·
635 2645 796 2726 τριβοῦνος
808 2638 866 2723 γάρ
885 2630 923 2721 ἦν
937 2634 1085 2723 πρότερον
1099 2637 1193 2723 ἤγουν
1210 2635 1379 2724 φόλαρχος.

274 2739 555 2824 συναισθανόμενος
571 2744 604 2806 δέ
619 2739 661 2820 ὡς
675 2740 807 2826 έραστής
819 2743 900 2806 ε’στιν
918 2738 935 2806 ὃ
950 2747 1076 2826 Νερβᾶς
1093 2738 1310 2822 ἀναλυόμενος
1322 2746 1380 2807 τοῦ

250 2886 253 2891 ·
274 2844 362 2922 ὄντος
382 2845 467 2933 αὐτῷ
486 2848 667 2932 προαστείου
691 2848 758 2932 (καί
780 2844 840 2933 γάρ
864 2844 971 2932 ὅμοροι
989 2851 1108 2927 μᾶλλον
1122 2846 1191 2930 περλ
1204 2843 1260 2926 τὴν
1273 2849 1380 2926 κτῆσιν

339 2986 423 3042 stau
440 2984 474 3041 τὸ
492 3016 527 3029 -
591 2985 771 3055 6αότὴνοιιι
786 2988 819 3042 Ρ.
942 2989 1063 3055 Nilos
1081 2987 1170 3057 vulgo.
1309 2983 1377 3041 tal

342 3058 422 3127 vulgo
436 3074 479 3115 οιιι
584 3060 617 3111 10
633 3053 713 3111 aas?
816 3058 852 3110 22
875 3055 996 3124 νεροόας
1012 3055 1045 3112 τό
1060 3058 1215 3124 κεφάλαιον
1227 3056 1280 3110 τοῦ
1293 3055 1326 3111 P.

274 3186 304 3230 et
316 3177 430 3230 Martem
444 3194 478 3230 er
491 3194 524 3230 es
536 3184 624 3230 natum
636 3176 736 3243 dicunt,
749 3194 799 3248 pro
812 3175 1051 3245 compressionibus
1062 3174 1170 3229 nubium
1180 3176 1268 3246 ignem
1278 3176 1379 3231 sirium

275 3256 355 3314 oupue
372 3247 521 3309 elllcacern3
536 3255 564 3299 et
575 3263 703 3315 pavonem
717 3264 792 3300 avem
804 3246 887 3300 sacris
899 3246 1007 3302 Iunonis
1019 3245 1125 3318 physici
1134 3246 1293 3315 sttuibunut,
1305 3245 1379 3300 velut

275 3314 358 3369 stellis
372 3315 522 3367 distinctum
536 3317 632 3383 airam,
649 3317 678 3369 id
693 3324 735 3369 est
749 3316 859 3370 caelum.
1403 3319 1406 3324 '

347 3386 390 3439 17.
425 3382 477 3436 atii
496 3384 642 3437 lllincrvsnt
663 3385 773 3438 animaru
794 3386 900 3452 dixere,
925 3385 1073 3438 Tritoniam
1095 3388 1182 3437 sulem
1204 3381 1289 3451 ipsam
1311 3396 1377 3449 pro·

256 3508 259 3515 ,
275 3460 369 3522 pterea
384 3454 455 3521 quod
469 3461 524 3504 tros
542 3462 604 3504 οιιιιε
620 3453 699 3525 striari
714 3454 868 3516 fucttltutes3
887 3454 932 3506 alii
949 3454 1095 3508 lllinervum
1113 3454 1210 3516 airam,
1226 3448 1377 3504 'tritoniae

275 3532 362 3574 etitem
379 3523 472 3590 ipsam,
489 3522 559 3592 quod
575 3521 661 3575 tribus
679 3521 866 3574 mutationibus
883 3521 1001 3574 variatur
1016 3522 1071 3586 aer,
1090 3519 1119 3571 in
1134 3536 1183 3571 ver
1194 3517 1321 3572 videlicet
1333 3525 1375 3570 st-

276 3606 328 3658 qne
346 3600 472 3643 aestatem
490 3591 667 3659 hiernenque3
686 3590 780 3643 caesiis
798 3588 879 3643 acidis
897 3590 1043 3659 praeditam
1059 3597 1203 3659 propterea
1218 3588 1288 3658 quod
1306 3586 1376 3642 airis

275 3659 359 3713 tocies
382 3659 503 3712 caerulea
517 3669 568 3712 est.
602 3659 728 3713 Perseum
745 3658 928 3713 rotensolen
946 3668 974 3714 et
991 3659 1143 3729 Gorgonem
1156 3658 1235 3724 diem,
1253 3675 1286 3710 ex
1300 3655 1376 3709 velo·

273 3727 364 3793 citato,
381 3736 410 3780 ut
425 3728 497 3781 dicat
513 3728 623 3796 uliquis,
659 3730 761 3782 ironiam
778 3747 826 3799 par
841 3730 928 3782 serem
945 3730 1088 3785 decurrens
1103 3727 1143 3782 sol
1160 3725 1375 3793 abscindentes,

273 3806 412 3866 postquem
428 3815 444 3850 a
459 3796 581 3849 Minerva
602 3749 688 3862 (viius
701 3799 881 3865 providentia)
899 3798 993 3853 falcem
1010 3801 1072 3869 (pro
1090 3797 1244 3864 velocitate)
1259 3793 1376 3864 sccepils

273 3883 350 3936 quam
366 3868 399 3918 ob
414 3881 518 3921 causam
535 3863 563 3916 in
579 3865 721 3933 horologiis
739 3868 831 3935 Gorgo
847 3867 959 3936 insculpi
975 3866 1052 3935 solet,
1070 3885 1118 3936 pro
1136 3867 1205 3920 dies.
1221 3895 1257 3905 -

342 3934 450 4056 Sslnitus
464 3946 508 4020 pst
525 3935 713 3991 contrariorum
730 3936 885 4007 qualitatum
902 3937 1045 3991 secundum
1060 3937 1190 3992 rsticnam
1205 3931 1375 3989 sermlricsur

293 4020 373 4057 rusve
384 4022 431 4057 ens
445 4024 497 4060 vra.

274 4022 294 4076 p
345 4073 387 4125 18.
423 4072 518 4141 Ulpius
532 4074 716 4128 nominabatur
727 4074 860 4129 Traianus
870 4092 903 4128 ex
915 4074 999 4145 patris
1012 4074 1132 4139 nomine,
1145 4073 1275 4128 Crinitum
1288 4075 1376 4127 sulem

274 4158 333 4196 eum
350 4144 485 4211 (tanquam
501 4144 634 4213 pulchram
652 4161 750 4198 comam
764 4144 917 4213 habentem)
941 4145 1068 4198 Romanis
1084 4144 1225 4198 ridebatur
1241 4140 1376 4196 nominare

272 4220 384 4332 propter
397 4228 485 4263 curam
502 4211 572 4264 circa
585 4212 680 4281 capitis
694 4213 777 4280 ipsios
791 4213 888 4267 crines.
924 4223 953 4267 et
966 4231 1078 4284 corpore
1091 4213 1144 4266 luit
1155 4210 1241 4277 brevi,
1258 4219 1375 4265 celerum

293 4280 350 4333 onis
365 4280 480 4333 moribus
493 4279 520 4332 in
535 4297 663 4333 ατιιιοτιιιιι
681 4297 728 4333 usu
746 4292 827 4351 utque
843 4282 1048 4348 exercitatione,
1066 4299 1123 4335 cum
1137 4298 1188 4333 non
1202 4278 1286 4334 nobili
1302 4290 1375 4333 ortus

273 4356 347 4401 esset
362 4349 476 4403 familias
492 4349 613 4401 tribunus
631 4350 699 4402 enim
716 4360 777 4403 anta
793 4354 891 4405 luerat.
936 4352 1054 4404 sentiens
1071 4360 1158 4403 aotam
1172 4348 1306 4418 Neruam,
1330 4348 1375 4418 qui

273 4417 466 4486 nominabatur,
483 4417 643 4488 tabulari,
660 4420 732 4491 tuos
747 4419 801 4493 ipsi
819 4428 892 4491 erat,
908 4436 969 4498 espa
989 4427 1119 4475 amantem
1136 4419 1247 4488 (main
1262 4416 1375 4492 proximi
