3125 4959
592 414 937 489 commutamus.
1209 438 1317 488 munt

306 616 376 679 aute
391 612 481 679 etiam
502 617 556 701 qui
576 617 710 679 animum
727 613 767 676 ad
785 613 907 697 Lydum
928 612 1095 676 intenderet
1113 617 1259 699 Iosephus
1276 617 1315 680 de
1333 620 1377 685 24

222 719 325 795 iuliis,
351 712 384 779 in
399 717 580 785 bibliotheca
591 723 733 781 Vaticana
747 730 778 779 et
791 723 825 779 in
838 719 973 797 (tullegio
986 719 1100 779 urbano
1115 721 1154 780 da
1167 720 1315 783 Christia-

220 836 330 879 norum
349 823 541 901 persuasione
565 820 761 903 propaganda
783 824 964 881 Graecarum
983 821 1136 881 literarum
1156 824 1313 905 interpres,

219 918 312 981 homo
327 920 448 999 doctus,
479 926 562 984 cuim
578 935 679 984 exstat
693 924 794 983 brevis
808 921 1002 982 manuductio
1015 920 1056 981 ad
1068 923 1203 1003 linguam
1217 929 1313 985 Grae·

220 1040 297 1099 cam,
310 1026 425 1084 Romae
441 1027 531 1102 1681,
547 1028 578 1091 8.
601 1023 639 1084 de
651 1024 711 1085 hoo
722 1028 765 1084 ita
777 1023 913 1105 naphael
927 1026 1060 1085 Fabretti
1072 1029 1105 1085 in
1119 1028 1314 1107 syntagmate

219 1120 258 1182 da
274 1125 420 1185 Columna
434 1126 566 1185 Traiana
579 1127 693 1187 Romae
710 1130 802 1203 1683,
823 1125 891 1202 fol,
917 1146 943 1185 c.
959 1131 1024 1208 61).
1041 1127 1120 1195 153:
1142 1132 1315 1189 “rotronem

131 1270 138 1277 .
217 1245 286 1284 vem
300 1226 392 1287 liniue
404 1228 481 1287 ritus
499 1227 753 1308 [circumducendi
776 1230 866 1287 aratri
887 1230 922 1287 in
936 1230 1060 1289 urbibus
1073 1231 1226 1309 auspicato
1240 1250 1314 1290 oon-

217 1324 336 1405 dendis]
347 1332 485 1407 primum
505 1332 571 1391 νίᾱί
588 1333 676 1412 apud
694 1334 840 1391 Ioannem
853 1332 1055 1390 Laurentium
1067 1332 1191 1412 lydiam
1203 1332 1314 1393 Phua-

216 1429 430 1509 delphieosem,
451 1454 548 1513 nuper
559 1434 652 1493 Latro
675 1436 821 1495 donatum
839 1432 881 1492 ob
901 1434 1099 1493 eruditissimo
1116 1437 1213 1494 amico
1232 1436 1315 1494 Ioee-

210 1532 276 1611 plto
297 1532 335 1591 de
354 1534 465 1606 Iuliis,
494 1547 525 1594 et
542 1538 668 1595 mmmm
689 1558 705 1595 e
723 1537 929 1615 montceorr'pto
947 1534 1036 1614 apud
1052 1537 1174 1615 ipsum,
1208 1534 1315 1594 metito

216 1636 368 1715 quemme,
389 1636 551 1716 publicam
573 1639 671 1699 lucem
687 1640 912 1717 impeoturutn:
942 1640 1041 1709 rots'o,
1067 1638 1213 1718 monam,
1239 1636 1324 1696 haec·

214 1746 267 1794 eet·
312 1734 385 1817 μετά
401 1736 435 1802 dl
453 1736 510 1821 τὴν
527 1739 579 1805 tot
597 1744 638 1829 τῇ
658 1733 857 1825 ἆνργορεῦσει
871 1742 927 1821 τῆς
947 1735 1065 1833 uittae
1078 1736 1198 1820 τελετήν
1211 1734 1314 1815 ζεύξας

212 1841 327 1921 ταῦρον
340 1836 414 1920 μετὰ
429 1836 586 1923 δαμάλεως
598 1845 747 1924 περιῆλθε
761 1837 796 1906 τὸ
806 1848 912 1923 τεῖχος,
928 1838 984 1906 cdv
996 1839 1053 1924 μὲν
1067 1838 1182 1925 ἄρρενα
1194 1837 1314 1922 deletio

211 1943 269 2004 τοῦ
281 1940 389 2004 nedlov
410 1936 544 2026 ulmodo
564 1940 686 2022 ζεύξας,
712 1940 771 2025 τὴν
792 1940 826 2007 dl
846 1939 978 2025 θήλειαν
996 1940 1047 2009 tet
1066 1939 1101 2007 ed
1121 1948 1178 2024 τῆς
1195 1938 1314 2017 πόλεως

211 2038 311 2122 μέρος,
334 2037 411 2107 ὅστε
424 2040 496 2119 τούς
510 2041 567 2125 μὲν
579 2042 710 2127 ἄρρενας
722 2051 788 2117 τοῖς
802 2044 858 2119 liu
871 2045 1011 2126 γίνεσθαι
1025 2038 1188 2125 φοβερούς,
1208 2038 1264 2118 τὰς
1278 2041 1313 2107 dl
1326 2055 1356 2111 Ρ·
1371 2053 1423 2094 ¹¹¹*

209 2145 340 2224 θηλείας
350 2150 417 2218 τοῖς·
429 2144 518 2207 toton
530 2142 706 2226 yovluooeJ'
748 2163 809 2225 quo
823 2163 865 2203 ex
876 2144 944 2205 loco
958 2157 1083 2222 constat,
1099 2144 1182 2228 quod
1195 2144 1313 2206 habue-

210 2246 250 2304 rit
264 2243 410 2339 loaephus
428 2243 466 2305 de
480 2247 584 2322 Iuliis,
612 2245 648 2307 id
664 2264 760 2327 aeque
773 2247 868 2309 fuisse
882 2249 1030 2307 maiorem
1041 2250 1128 2310 illam
1142 2246 1313 2331 Lydianam

209 2348 381 2428 epitomem
402 2365 476 2404 nam
489 2348 543 2407 illa
558 2347 625 2427 ipsa
639 2348 731 2408 verba
751 2345 846 2407 habet-
864 2344 913 2406 ed.
929 2345 1050 2408 Sohow.
1072 2360 1151 2431 part.
1166 2349 1188 2414 4
1206 2370 1312 2411 mensa

208 2450 308 2530 April.
324 2468 351 2509 o.
367 2450 388 2511 6
401 2466 433 2527 p·
448 2450 505 2524 98,
534 2450 594 2509 niti
611 2447 693 2529 qnod
712 2450 755 2508 ibi
775 2466 916 2528 perverse
932 2449 1070 2529 yovlnotc
1085 2470 1141 2529 pro
1155 2451 1308 2530 γονίμους.

209 2550 266 2615 sed
281 2551 391 2634 aliquis
404 2550 505 2610 fatalis
515 2550 574 2610 tuit
587 2538 684 2626 casus,
706 2552 760 2631 qui
776 2566 879 2608 mrsns
894 2566 963 2606 sam
976 2550 1137 2629 epitomen,
1157 2550 1260 2609 lucem
1269 2571 1310 2610 na

209 2655 368 2735 aspiceret,
390 2651 559 2733 impedivit.
602 2662 636 2712 nt
648 2653 730 2711 enim
742 2652 891 2711 Allatium
904 2649 1051 2726 vidimus,
1074 2654 1150 2711 item
1164 2650 1310 2732 Iosephus

209 2754 249 2815 de
261 2757 362 2831 iuliis,
383 2757 467 2834 prius
482 2772 574 2835 qnam
587 2754 727 2815 effectam
738 2752 905 2815 editionem
918 2752 1088 2832 perficeret,
1110 2755 1202 2829 obiit,
1234 2756 1311 2813 fnit·

209 2877 270 2939 qne
283 2856 358 2916 adeo
371 2855 430 2917 hoc
443 2857 555 2916 Allatio
571 2857 737 2933 infelicior,
766 2853 850 2937 quod
870 2873 948 2936 quas
963 2856 1030 2935 ipse
1041 2866 1260 2916 commentatus
1274 2858 1309 2915 in

208 2959 331 3041 Lydum
351 2969 413 3034 est,
444 2977 481 3017 ea
499 2961 563 3018 sive
577 2959 699 3018 omnino
715 2955 755 3015 ad
768 2955 900 3016 nihilum
912 2966 1059 3017 venerunt
1073 2959 1138 3017 sive
1153 2968 1232 3017 certe
1249 2955 1308 3015 ad-

208 3059 269 3120 hna
285 3063 396 3137 letent3
424 3078 502 3141 qnae
515 3062 661 3136 Allatiue,
691 3080 761 3119 cum
778 3063 812 3120 in
827 3058 1013 3119 eruditorum
1025 3056 1184 3118 hominum
1199 3078 1307 3121 manus

207 3161 393 3239 incidissent,
415 3166 442 3223 si
456 3166 556 3224 minus
568 3174 641 3239 tota,
663 3172 796 3222 attamen
813 3161 917 3242 aliqua
931 3181 972 3220 ex
985 3171 1071 3241 parte
1082 3163 1170 3222 nobis
1184 3182 1217 3223 se
1231 3182 1307 3243 ape-

208 3272 341 3323 ruerunt.

290 3366 413 3425 Etenim
423 3366 514 3445 paulo
528 3367 651 3427 iustiore
670 3367 791 3427 fortrma
804 3377 908 3427 cctam
926 3362 1043 3425 decimo
1060 3364 1181 3425 saeculo
1198 3359 1303 3441 Lydus
1325 3367 1368 3431 25

207 3468 252 3527 uti
267 3470 376 3549 coepit.
428 3470 529 3528 minus
547 3466 671 3550 quidem
692 3472 725 3527 in
746 3470 864 3545 Gallia,
893 3468 1042 3529 landerici
1062 3466 1103 3531 15
1125 3467 1305 3545 principatu,

207 3588 276 3628 oum
290 3573 418 3630 Ioannes
430 3571 468 3630 L.
483 3569 672 3650 deBurigny,
685 3574 732 3630 vir
744 3570 895 3632 historicis
908 3572 1025 3651 scriptis
1037 3576 1136 3640 notus,
1147 3564 1306 3644 fragmen-

205 3680 273 3730 tum
282 3671 354 3729 libri
368 3669 407 3730 de
419 3673 561 3753 Ostentis,
584 3669 623 3731 da
634 3671 795 3731 tonitribus
811 3676 844 3731 in
859 3672 924 3734 dies
936 3670 1080 3749 singulm,
1101 3668 1219 3726 Gflllice
1233 3688 1305 3727 ver·

205 3781 269 3832 tere
293 3772 406 3848 voluit,
438 3776 575 3834 Histoire
594 3774 632 3834 de
654 3772 845 3832 l’Aeudems'e
866 3776 919 3834 dee
940 3770 1138 3849 Inseriptzone
1162 3778 1238 3829 tom.
1261 3770 1304 3833 29

203 3894 237 3954 p.
255 3879 324 3951 197,
346 3865 490 3956 quoniam
503 3895 539 3937 ea
552 3879 650 3937 versio
665 3887 810 3958 concepta
824 3878 922 3955 magia
935 3884 981 3934 eat
993 3890 1087 3953 quam
1101 3881 1223 3951 coepta,
1252 3879 1303 3929 tc·
1315 3889 1345 3944 ρ.
1358 3885 1396 3924 nv

204 3986 330 4059 tumque
344 3978 501 4037 consilium
512 3977 553 4037 ad
565 3982 682 4039 exitum
695 3999 757 4039 non
769 3979 915 4059 pervenit.
956 3976 1055 4055 magis
1074 3977 1107 4033 in
1123 3974 1226 4047 ltalia,
1247 3972 1304 4031 Pio

204 4088 291 4138 sexto
313 4089 398 4160 pont.
415 4090 515 4157 anam,
532 4101 616 4141 ‚cum
634 4082 730 4142 nobili
750 4100 806 4161 per
823 4077 879 4140 has
902 4081 1041 4158 regiones
1063 4077 1304 4157 peregrinatione

202 4181 331 4240 Romam
347 4184 430 4242 venit
444 4169 584 4245 Nicoleua
600 4183 710 4247 Schow
721 4186 842 4258 Dauus,
870 4182 944 4241 clari
961 4182 1093 4241 nominis
1116 4177 1302 4259 philologus,

203 4284 287 4343 mains
306 4286 492 4363 singularem
508 4290 618 4350 nostris
637 4289 671 4347 in
690 4288 787 4347 literis
804 4282 1005 4345 eruditionem
1020 4283 1083 4341 iam
1097 4290 1164 4340 tum
1178 4288 1304 4340 testatae

202 4382 478 4450 erant⁸Heraolidis
500 4391 672 4471 Allagoriae
694 4390 874 4449 Homericae
896 4387 1057 4466 Gottingae
1072 4385 1171 4460 1782,
1199 4384 1235 4456 8,
1264 4377 1303 4436 tl>

247 4494 357 4551 raone
377 4495 477 4566 mom.
1050 4480 1095 4515 ”⁴
