3125 4959
273 437 362 487 nvrn
609 416 721 489 rtlsll
744 416 803 487 DE
826 418 1035 489 osrmtns

168 654 169 657 =
275 629 304 678 et
313 618 405 677 altero
412 617 506 697 llegio
518 619 596 684 1991
607 618 661 679 fol.
674 618 860 684 trunco-24
869 639 966 680 voco:
981 616 1064 680 hunc
1073 600 1313 702 nominariReg.
1321 622 1366 684 B.

273 757 438 821 eurumque
465 736 602 799 codicum
627 739 762 801 omnium
791 739 941 801 variantes
967 741 1078 822 partim
1105 741 1231 823 opposui
1251 741 1285 801 in
1304 761 1367 819 ora,

273 862 401 940 partim,
432 877 473 919 ne
505 836 597 919 nimis
624 858 683 919 ista
706 858 891 941 oppleretur,
921 862 1013 922 reieci
1030 862 1065 921 iu
1084 872 1172 923 notas
1192 858 1232 921 ad
1253 860 1368 919 calcem

273 989 387 1041 textus.

235 1103 257 1167 8
360 1099 416 1158 His
439 1097 536 1178 igitur.
554 1097 676 1158 auxiliis
697 1094 817 1158 adiutus
839 1093 911 1158 dedi
930 1117 1053 1181 operum
1068 1098 1168 1159 textui
1185 1094 1366 1159 recensendo

272 1218 511 1301 lectionibusque
537 1214 714 1297 colligendis
742 1215 956 1295 emendandis,
988 1218 1157 1281 reiiciendis
1180 1219 1271 1279 etiam
1291 1234 1367 1299 quas

273 1338 438 1416 oportebat.
480 1339 723 1419 generatimque,
755 1335 876 1422 quando
901 1340 1060 1423 utrobique
1088 1340 1217 1399 rationes
1243 1337 1368 1398 aderant

273 1473 371 1535 aeque
384 1458 564 1535 probabiles,
585 1459 685 1539 potius
699 1454 739 1517 ad
753 1454 819 1517 cod.
832 1458 981 1519 Gaseolini
993 1470 1028 1519 ut
1042 1460 1217 1542 antiquioris
1229 1475 1367 1517 normam
1439 1510 1442 1515 .

274 1571 372 1633 direxi
386 1572 560 1638 editionem.
586 1582 627 1643 ori
639 1589 741 1638 temen
756 1575 958 1659 euphonicum
968 1580 1033 1641 sive
1045 1572 1268 1659 tornamento,
1285 1574 1367 1659 quod

273 1711 429 1775 nunqnam
447 1696 501 1755 ille
521 1716 583 1758 non
602 1695 718 1775 hebet,
734 1701 910 1763 eluusooosu
926 1722 1000 1781 την,
1018 1717 1113 1763 aanor
1125 1719 1203 1771 soso,
1224 1693 1367 1777 quodque

273 1812 434 1891 antiquitas
454 1816 584 1895 ponebat
602 1817 715 1901 ubique
734 1817 799 1900 (tot
820 1838 857 1879 ea
876 1818 998 1878 fuerunt
1018 1837 1096 1901 quae
1114 1816 1299 1899 grammatici
1315 1815 1368 1872 iu-

271 1932 387 2008 niores,
409 1951 537 1994 unumne
551 1938 646 1995 secuti
659 1939 760 1999 nescio
775 1957 815 1997 an
831 1937 972 2013 ebusum,
993 1933 1228 2017 immutarunt),
1246 1954 1286 1993 ne
1301 1933 1367 1994 cni-

270 2052 354 2131 piam
371 2050 493 2113 fastidio
514 2074 626 2131 essem,
647 2054 681 2113 in
700 2056 824 2117 vocibus
842 2076 904 2117 non
919 2030 1076 2118 'hiantibus
1091 2058 1211 2117 sustuli.
1252 2049 1367 2135 quade

169 2185 199 2239 Ρ·
215 2184 254 2223 xv
271 2192 304 2231 re
331 2171 443 2235 videris
473 2191 551 2257 quae
576 2175 624 2235 sir
644 2176 782 2255 egregius
803 2172 1019 2257 abundansque
1042 2174 1178 2235 doctrina
1199 2174 1367 2235 Fridericus

176 2351 178 2355 .
270 2294 374 2353 lacobs
402 2295 499 2353 multa
526 2296 702 2376 exsequitur
726 2295 937 2375 Prolegumen.
966 2292 1006 2354 ad
1035 2292 1108 2356 edit.
1137 2292 1267 2355 Achillis
1284 2290 1365 2353 Tatii

270 2432 302 2491 p.
316 2430 388 2473 xor.
431 2416 564 2494 capitum
577 2412 799 2475 distinctionem
814 2434 894 2474 ame
905 2414 1016 2473 factam
1036 2412 1091 2495 (iu
1107 2410 1174 2472 oud.
1189 2417 1291 2471 omnia
1304 2427 1365 2467 uno

271 2542 302 2589 et
315 2541 460 2613 perpetuo
472 2545 577 2594 tenore
588 2530 790 2615 peraguntur)
811 2552 898 2613 spero
912 2533 977 2593 lore
989 2544 1024 2591 ut
1034 2531 1141 2610 probet
1152 2531 1256 2588 leotor.
1283 2522 1366 2608 quod

271 2648 310 2708 ed
326 2653 496 2712 versionem
510 2654 631 2727 attinet,
652 2652 774 2713 omniuo
789 2648 866 2709 haec
879 2647 940 2709 duo
956 2650 1042 2710 volui
1052 2647 1212 2729 consequi,
1232 2648 1366 2727 primum

271 2768 309 2827 ab
326 2770 471 2846 auctoris,
490 2740 608 2829 nonita
620 2768 782 2845 luosrlenti,
804 2770 954 2829 sententia
967 2776 1002 2827 nt
1012 2786 1053 2827 ne
1067 2768 1234 2842 aberraret3
1255 2759 1366 2823 deinde

270 2896 305 2946 ut
318 2885 464 2968 loquendi
479 2898 597 2969 morem
608 2886 759 2947 suboleret
771 2907 876 2983 eorum
887 2889 942 2969 qui
956 2885 995 2947 de
1007 2866 1158 2948 veteribus
1168 2905 1260 2966 super
1272 2885 1366 2945 simili

273 3018 450 3085 argumento
467 3010 576 3087 scripta
588 3008 695 3068 Latine
707 3008 903 3090 reliquerunt.
944 3018 1127 3091 quapropter
1138 3025 1208 3067 oum
1223 3007 1284 3066 alia
1299 3006 1367 3065 loce

270 3128 401 3212 passim,
421 3135 488 3185 tum
504 3126 637 3183 maxime
652 3106 799 3186 formulas
811 3129 952 3188 solennes
965 3129 1065 3189 verbis
1082 3128 1152 3187 lulii
1167 3125 1367 3207 obsequentis

271 3242 391 3305 reddidi
412 3244 496 3304 illins
515 3243 569 3325 qui
583 3241 721 3302 libellum
738 3243 785 3302 lle
803 3242 948 3325 prodigiis
965 3246 1149 3325 composuit,
1172 3264 1282 3324 genere
1295 3260 1366 3300 ora·

271 3367 362 3426 tionis
382 3350 458 3425 usus
474 3366 547 3425 satis
567 3365 674 3424 Latino
696 3372 727 3422 et
744 3363 838 3444 probo
852 3357 1017 3445 ’(Ιίοηκυιί
1033 3363 1094 3421 oris
1113 3362 1263 3420 donuinam
1278 3368 1365 3419 vocat

269 3481 412 3545 Boethius
427 3482 467 3544 ed
481 3484 570 3545 Statii
584 3481 735 3543 Thebaid
749 3482 769 3548 5
791 3480 866 3562 86),
888 3479 943 3543 sed
960 3482 1060 3544 verbis
1076 3491 1177 3540 umen
1189 3479 1281 3559 paulo
1296 3496 1365 3535 mn-

271 3604 318 3683 gis
332 3604 437 3683 priscis
450 3604 647 3665 interstincto.
689 3601 808 3664 claudit
819 3604 913 3663 Tusci
927 3600 1138 3663 calendarium
1150 3610 1269 3660 vertens
1281 3616 1366 3656 com·

269 3723 357 3803 plura
378 3741 445 3783 sum
466 3744 507 3785 ex
522 3725 670 3785 latinitate
685 3726 791 3785 Lhmii
805 3724 990 3785 columellae
1001 3732 1169 3796 mutuatus,
1191 3738 1283 3801 quem
1296 3716 1365 3775 exi-

271 3844 360 3904 stimo
378 3843 429 3903 vel
448 3862 489 3902 ex
507 3845 575 3926 ipsc
595 3846 697 3907 Tusco
719 3843 771 3903 vel
795 3862 836 3902 ex
858 3840 966 3902 eodem
980 3842 1064 3903 fonte
1080 3859 1139 3923 quc
1153 3816 1207 3898 ille
1218 3836 1364 3911 hausisse,

269 3962 346 4024 libro
374 3960 534 4023 undecimo
563 3965 750 4044 praesertim.
792 3981 834 4022 ex
855 3959 1041 4022 calendariis
1061 3962 1135 4021 item
1155 3956 1315 4029 nomenis,
1345 3972 1366 4012 a

269 4083 378 4144 Iacobo
391 4080 563 4159 Mazoohio,
585 4079 665 4144 Aldo
680 4083 828 4170 Munatio,
847 4079 954 4140 Garolo
969 4081 1103 4161 Sigonio,
1124 4074 1276 4157 liapheele
1291 4073 1365 4154 cyl-

153 4227 184 4281 p.
203 4221 254 4261 xsr
271 4205 370 4282 lenio,
391 4206 534 4279 Grutero,
557 4200 724 4262 Blanchino
744 4200 847 4279 editis,
869 4199 951 4283 quod
970 4199 1114 4261 nonnullo
1128 4192 1269 4257 videntur
1281 4193 1365 4255 rela

268 4334 370 4385 nostro
383 4322 502 4386 claudii
513 4324 608 4384 Tusci
622 4323 672 4384 rel
684 4319 821 4383 indidem
833 4341 895 4405 quo
908 4318 987 4381 illud
999 4335 1146 4393 manasse,
1167 4334 1271 4376 eorum
1287 4332 1367 4397 quo-
