3125 4959
260 488 332 561 102
480 449 482 454 ’
523 541 525 544 .
658 484 827 555 rosunrs
851 483 955 554 erni

258 655 315 746 γάς
335 658 398 723 ίστι
419 662 462 745 τῷ
483 656 569 749 ξιφίιγ
577 703 589 737 ,
615 654 687 722 ἀλλ’
703 656 759 723 oris
772 656 870 751 ὀξείας
883 654 942 743 ἔξει
956 654 1104 741 ἀμβλείας
1119 655 1153 721 δὲ
1166 654 1222 733 τάς
1235 650 1347 744 ἀρχάς·

258 760 276 828 ὃ
294 762 327 825 δὲ
339 762 431 837 πίθος
441 760 474 825 ἔκ
488 768 542 825 τοῦ
557 755 727 844 σχήματος·
754 757 818 826 tas*
831 763 1006 843 λαμπαδίας
1022 755 1166 846 πυρώδης
1170 807 1180 838 ,
1198 762 1250 823 καί
1265 763 1349 843 δίκην

259 862 435 951 πυριάπιδος
455 863 545 927 λίθου
567 862 739 950 ἢ”δίνδ’ρου
758 864 919 947 καιομένου
934 864 1048 951 adpone
1064 858 1261 945 διαλάμπειν·
1284 858 1348 927 ὁδί

258 963 396 1050 κομήτης
415 962 531 1042 πλατάς
551 966 615 1031 ίστι
636 966 670 1031 ad
693 964 773 1043 είδος
792 968 843 1031 καὶ
866 964 967 1053 ὥσπερ
991 963 1112 1052 ἱλαρός,
1147 964 1348 1051 ἀργυροειδεῖς

258 1069 343 1145 τινάς
362 1066 538 1149 πλοκάμους
559 1069 670 1134 ἕλκων·
692 1065 709 1133 ὃ
729 1069 763 1135 δὲ
777 1069 897 1146 δισκείις
910 1070 943 1145 ε”ξ
958 1068 1054 1152 αὐτῆς
1071 1074 1127 1151 τῆς
1145 1070 1373 1153 προσηγορίαςὸ

259 1174 345 1255 δίκην
364 1172 468 1241 δίσκου
489 1172 644 1258 φαίνεται,
670 1170 706 1236 od
730 1170 964 1257 λαμπρὸς.οάδέ
981 1168 1131 1258 ίρυθράς,
1155 1160 1228 1234 ἀλλ’
1248 1166 1349 1254 ὥσπερ

256 1274 417 1360 ήλεκτρον·
440 1270 456 1336 δ
474 1274 507 1338 δὲ
520 1269 624 1360 τάρων
638 1269 781 1360 πυρώδης
795 1276 847 1338 καὶ
863 1271 1040 1355 αἱματώδης
1053 1273 1210 1359 φαίνεται,
1233 1274 1284 1337 καί
1299 1277 1350 1336 λε-

259 1372 352 1451 πτοάς
366 1401 450 1453 τινας
466 1378 649 1463 διαρραίνιιιν
663 1375 856 1459 πλοκάμους·
876 1373 893 1441 δ
909 1377 943 1440 δὲ
957 1373 1105 1462 κεράστης
1122 1377 1209 1458 δίκην
1224 1371 1352 1457 σελήνης

257 1476 466 1565 κερατοειδής,
492 1476 541 1555 dg,
564 1475 652 1561 ήνίκα
663 1474 782 1566 Ξίρξης
794 1478 873 1543 κατὰ
888 1484 943 1561 τῆς
952 1478 1087 1565 Ἀττικῆς
1100 1470 1196 1560 ἦλθεν
1200 1526 1211 1556 ,
1236 1469 1352 1561 λίγεται

260 1587 409 1669 φανῆναι.
452 1578 469 1644 ὃ
485 1582 519 1645 δὲ
531 1585 724 1664 Πτολεμαῖος
743 1583 929 1668 προστίθησι
944 1582 994 1643 καί
1009 1582 1108 1665 ἕτερον
1124 1578 1203 1655 είδος
1217 1576 1350 1661 κομήτου
1361 1587 1394 1641 10

260 1680 445 1764 καλούμενον
464 1681 632 1767 σάλπιγγα,
655 1685 794 1769 (μαίνεται
814 1683 847 1747 δὲ
867 1681 946 1747 κατὰ
961 1681 995 1747 τὸ
1010 1682 1148 1767 ἀρκτῴαν
1170 1684 1273 1763 κλίμα.
1324 1680 1354 1745 ol

260 1786 295 1850 δὲ
318 1787 443 1873 ηοσικοί
461 1810 554 1872 φασιν
571 1782 614 1860 ὥς
629 1788 821 1851 συνίστανται
838 1783 867 1847 οἳ
881 1789 1010 1865 κομῆται
1025 1786 1057 1846 ἓν
1072 1794 1134 1859 τοῖς
1149 1780 1208 1847 sind
1226 1780 1354 1867 σελήνην

261 1988 341 2054 ἀλλά
362 1986 557 2073 θρομγθιάοέις
574 1989 651 2064 τινίς
670 1990 702 2065 ἐξ
724 1986 960 2067 ἀναθυμιάσεως
976 1993 1031 2067 τῆς
1043 1992 1099 2070 γῆς
1112 1983 1355 2068 ἀποτελούμενοι,

260 2082 303 2156 ὧν
316 2088 336 2173 ή
349 2092 461 2174 γίνεσις
473 2092 529 2173 μίν
541 2092 573 2166 ε”ξ
589 2090 678 2176 ἀίρος
691 2095 747 2155 τοῦ
759 2088 838 2155 κατὰ
852 2088 992 2175 συναφὴν
1010 2090 1354 2172 ἓγκαταλαμβανομίνοο
1364 2096 1396 2153 15

259 2200 305 2283 τῷ
320 2194 432 2279 αἰθέρι.

363 2292 424 2363 74.
475 2290 530 2359 δάο
546 2292 760 2383 Πάναςμιρασί.
811 2290 888 2369 τινίς
903 2290 939 2357 δί
955 2316 1032 2378 φασι
1046 2288 1099 2356 cdv
1112 2292 1255 2357 Πάναῖκ
1267 2287 1355 2379 Κρά-

260 2422 314 2463 νου
331 2397 381 2462 καὶ
392 2393 479 2471 Ῥείας
489 2396 631 2479 γενίσθαι
637 2442 648 2473 ,
674 2395 740 2459 ἀντὶ
755 2400 811 2459 rori
822 2396 854 2459 ἐκ
871 2401 925 2459 τοῦ
940 2400 996 2459 νοῦ
1008 2396 1059 2459 καί
1073 2399 1128 2479 τῆς
1141 2390 1237 2483 δγράς
1251 2394 1357 2471 οὐσίας

261 2495 350 2584 (οἷον
362 2505 416 2580 τῆς
431 2494 538 2580 δλικής
552 2498 711 2584 ἀπειρίας)
737 2494 807 2562 τάδε
823 2496 858 2562 ed
872 2504 944 2562 πᾶν.
1163 2582 1166 2588 ἱ

148 2636 176 2690 p.
195 2618 246 2675 119
364 2600 425 2669 75.
475 2597 717 2686 ἀποτρεπόμενος
734 2605 790 2665 τοῦ
809 2598 888 2665 κατὰ
900 2602 1034 2683 Περσῶν
1048 2595 1182 2680 πολίμου
1194 2596 1397 2675 Ἰουλιανάςὶδ

260 2700 320 2771 ἀπὸ
335 2708 392 2767 τοῦ
406 2703 562 2785 Λιβανίου
579 2706 629 2768 καί
646 2702 747 2767 ἀλλων
764 2708 884 2767 πολλῶν
899 2696 1110 2767 οίωιοσκάπαιν
1123 2702 1239 2785 λέγεται
1256 2702 1356 2787 ιμθίγ-

260 2810 376 2883 ’ξασθαι
398 2806 433 2872 τδ
454 2801 620 2891 Ὁμηρικόν
639 2802 804 2886 “αίδεόμαι
829 2810 941 2891 Τρῶας
964 2804 1015 2867 καί
1035 2800 1188 2888 Τρωάδας
1204 2800 1355 2868 ἕλκεσιπί-

259 2907 387 2983 πλοος.”
438 2904 618 2994 ὑπερβαλὼν
644 2908 683 2973 δὲ·
706 2908 759 2974 τδυ
788 2908 942 2994 Τίγρητα,
971 2906 1023 2970 καλ
1044 2905 1160 2981 πολλάς
1183 2902 1284 2982 πόλεις
1306 2909 1356 2969 καί

260 3006 396 3099 ιγροάρια
417 3013 549 3096 Περσιῦν
567 3007 854 3097 παραστησάμενος,
881 3008 917 3076 cd
945 3007 1051 3073 lorado
1072 3004 1228 3096 ἀηδρηιος
1242 2999 1280 3093 ήν
1294 3017 1357 3085 τοῖς

333 3138 357 3191 1.
365 3133 418 3199 τὰς
430 3130 546 3199 ἀκτῖνας
559 3137 719 3191 Roetherus.

262 3236 344 3293 habet
363 3254 454 3291 verunt
473 3239 584 3291 hebetes
606 3238 672 3291 hues
694 3239 781 3303 (sort.
799 3238 923 3305 radios);
948 3235 1038 3307 pithas
1055 3252 1072 3289 a
1088 3237 1173 3291 sonna
1195 3236 1357 3299 nominatum

260 3306 404 3377 lampadias
415 3308 522 3375 igneus,
541 3315 568 3359 et
581 3306 665 3359 irrstar
678 3305 750 3375 ignei
763 3306 859 3378 lapidis
876 3314 923 3359 aut
939 3306 1041 3359 arboris
1057 3306 1194 3373 flagrantis
1210 3306 1277 3359 solet
1295 3323 1357 3374 per·

261 3375 382 3443 fulgero3
405 3382 519 3427 corinetes
541 3376 610 3427 latus
635 3384 677 3428 est
700 3376 798 3443 iorrne,
824 3383 851 3427 et
873 3382 995 3443 tanquan
1020 3373 1109 3426 hilaris
1128 3376 1200 3443 [ste]
1216 3385 1356 3442 argenteas

263 3444 366 3513 aliquos
384 3442 517 3495 cincinnos
535 3444 657 3507 trahons3
682 3444 786 3496 discens
805 3462 838 3497 ex
855 3443 914 3513 ipsa
931 3441 1106 3512 appellatione
1123 3443 1208 3496 instar
1224 3442 1291 3495 disci
1310 3459 1358 3511 ap-

263 3520 356 3582 paret,
380 3530 432 3563 non
450 3510 552 3577 fulgens
567 3528 616 3565 nec
628 3512 805 3577 rubicundus,
829 3514 876 3565 sed
894 3518 924 3564 ut
940 3512 1081 3575 eleetrnru3
1100 3513 1202 3581 typhon
1222 3511 1314 3580 iguem
1332 3518 1360 3561 et

264 3578 358 3635 rutilus
377 3588 488 3650 apparet
509 3589 537 3632 et
558 3580 639 3634 exiles
660 3581 762 3647 aliquos
779 3580 926 3634 diffundens
945 3579 1093 3643 cincinnos3
1117 3590 1232 3633 cerastes
1250 3587 1280 3631 ut
1298 3577 1359 3630 luna

265 3656 398 3714 cornutus,
415 3648 469 3716 qui,
488 3666 539 3717 qno
555 3656 673 3717 ternpore
689 3648 794 3701 Xerxes
808 3649 835 3701 in
848 3649 960 3701 Atticam
973 3649 1064 3714 venit,
1081 3648 1178 3701 dicitur
1193 3646 1358 3717 apparuisse.

264 3712 430 3776 Ptolemaeus
448 3724 534 3773 ιιιιλοιιι
551 3718 626 3769 addit
642 3726 670 3769 et
685 3718 756 3771 aliud
776 3735 858 3785 genas
877 3724 1007 3784 monetae,
1025 3717 1071 3785 qui
1088 3727 1197 3769 vocatur
1213 3716 1316 3785 salpinx
1333 3722 1360 3765 et

265 3786 294 3839 in
307 3774 506 3853 septentrionali
521 3784 624 3840 climate
640 3795 759 3904 apparat.
796 3786 898 3853 physici
913 3796 999 3837 aretem
1012 3794 1126 3840 coneus
1140 3786 1168 3837 in
1185 3786 1295 3838 sinubus
1313 3785 1359 3835 sab

265 3854 328 3906 luna
344 3854 458 3905 existere
474 3854 579 3921 dicunt,
602 3854 733 3907 stelarcnr
752 3852 863 3923 aliquam
881 3862 998 3919 natarunt
1015 3855 1198 3907 ostendentes:
1220 3869 1272 3904 non
1293 3851 1360 3904 eninr

266 3930 328 3975 sunt
349 3921 455 3988 stellae,
483 3924 530 3975 sed
552 3924 732 3975 concretiones
754 3941 823 3990 quae
846 3941 879 3975 ex
901 3932 990 3975 terrae
1014 3923 1179 3975 exhalatione
1201 3920 1360 3987 alliduntur,

266 3991 383 4044 orientes
401 4007 434 4043 ex
450 4007 481 4043 eo
498 3991 559 4042 adro
576 3991 621 4060 qui
637 3991 795 4059 contagione
812 3991 942 4060 excipitur
955 3992 983 4043 in
999 3992 1142 4044 aetherem.

338 4058 380 4113 74.
415 4058 474 4110 Duo
499 4059 585 4112 I’unas
609 4078 668 4112 esse
695 4063 796 4113 dicant.
814 4060 935 4130 squidem
959 4069 1044 4113 autem
1060 4060 1134 4113 Paua
1155 4075 1188 4110 ex
1206 4057 1319 4109 Saturno
1334 4060 1360 4108 et

269 4127 345 4181 Rhea
360 4133 447 4179 natam
466 4125 572 4193 dierunt,
589 4146 653 4197 pro,
670 4146 703 4181 ex
722 4130 825 4181 ratione
843 4139 871 4181 et
887 4128 993 4181 humida
1009 4129 1156 4181 substantia
1174 4126 1266 4193 (velut
1278 4133 1360 4178 mate-

269 4195 330 4249 riali
346 4194 495 4261 infinitate)
513 4194 628 4249 τόδετὸ
646 4198 704 4249 πᾶν
723 4198 763 4263 (ἰ.
784 4216 810 4249 e.
828 4197 909 4249 hocce
925 4198 1105 4263 universnm).

338 4264 382 4317 75.
416 4262 531 4317 Iulianus
555 4275 612 4317 cunt
637 4266 817 4318 deterreretur
839 4284 855 4316 a
878 4266 946 4319 bello
974 4275 1066 4318 cantra
1089 4266 1185 4317 Persas
1209 4280 1226 4315 a
1249 4259 1361 4315 Libanio

270 4330 381 4401 aliisque
398 4332 484 4385 inultis
502 4334 660 4401 erigentibus,
679 4333 775 4387 dieitur
793 4332 950 4387 exclamasse
966 4333 1029 4385 illud
1043 4332 1224 4385 Homericum:
1243 4326 1362 4384 “vereor

271 4400 403 4452 Troianos
419 4409 446 4452 et
460 4400 580 4453 Troades
597 4401 674 4470 longe
691 4402 803 4455 vestium
819 4413 936 4468 syrmata
949 4396 1117 4467 trahentes.'’
1152 4401 1262 4453 traiecto
1277 4407 1361 4451 auten

271 4466 385 4537 Tigride
398 4476 427 4521 et
438 4468 524 4523 multis
544 4469 648 4541 oppidis
668 4470 835 4540 castellisque
852 4470 991 4526 Persarum
1004 4470 1105 4541 captis,
1129 4469 1157 4522 in
1174 4478 1309 4540 posterum
1321 4466 1361 4518 in-
