3125 4959
587 402 931 476 COMMENTARIUS.
1245 422 1312 472 xxv

293 604 410 670 duobus
437 604 562 670 eruditis
588 607 662 670 viris
688 627 730 671 ex
756 604 866 669 eodem
887 600 942 671 scd
961 599 1106 666 mendoso
1126 600 1230 667 codice
1254 602 1312 666 dc-

292 713 349 772 0001
372 723 412 773 ta.

250 812 291 894 4)
318 733 542 895 inpexemplari
566 812 667 895 aliquo
690 830 708 871 a
725 812 816 871 Petro
837 809 999 872 Lambccio
1019 811 1117 888 facto,
1138 830 1208 871 cum
1228 811 1307 871 circa
1329 803 1370 871 17

294 938 323 977 e.
343 919 427 983 1650
450 916 589 975 initalia
611 925 793 990 moraretur,
821 915 913 989 item,
941 925 975 973 ut
995 914 1119 992 opinor,
1148 933 1189 973 ex
1209 908 1311 973 codice

292 1020 468 1079 Barbarino.
509 1039 581 1077 uam
602 1029 681 1078 certe
704 1016 832 1078 assiduis
849 1015 929 1098 Lydi
940 1014 1162 1076 laudationibus
1176 1016 1311 1097 locisque

294 1140 336 1180 ex
354 1123 408 1180 illo
424 1122 623 1201 transscriptis
635 1122 815 1189 Lambecius
830 1116 1104 1178 animadversiones
1117 1120 1149 1175 in
1161 1116 1312 1177 codicum

292 1242 362 1283 suas
382 1223 499 1282 refersit
520 1225 616 1284 Paria.
637 1245 654 1283 e
673 1221 873 1305 typographia
894 1225 971 1302 Reg-
990 1220 1090 1296 1655,
1110 1221 1181 1297 fol„
1201 1220 1313 1301 0152

290 1345 343 1386 no.
360 1327 403 1391 26
423 1335 454 1385 et
473 1329 530 1402 27,
551 1346 584 1405 p·
605 1325 667 1390 153
689 1346 740 1387 00.
753 1330 795 1392 28
808 1326 908 1401 stau,
929 1322 1038 1405 1³·154
1058 1342 1110 1382 1¹⁰·
1122 1325 1180 1398 31,
1202 1319 1313 1401 p0155

292 1446 343 1486 no.
357 1428 418 1502 32,
441 1447 473 1506 p·
491 1429 553 1492 172
568 1448 620 1487 00.
633 1431 690 1504 68,
710 1433 885 1510 1020800.
900 1424 980 1501 1543
1002 1424 1083 1484 unde
1097 1434 1181 1505 patet
1194 1443 1265 1483 erun
1278 1424 1313 1481 in

292 1528 432 1587 uranibus
455 1525 597 1588 habuisse
618 1527 751 1609 Lydum.
794 1538 825 1587 et
843 1545 913 1585 cum
930 1527 963 1583 in
979 1526 1313 1604 0010ίοί00111ωο0-

292 1650 362 1689 cum
383 1630 582 1689 Barbetiuum
600 1627 810 1705 Gardiualem,
834 1626 935 1687 eidem
948 1625 1075 1688 editioni
1087 1627 1240 1708 praefixa,
1261 1628 1312 1686 bi-

291 1729 475 1791 bliothecam
486 1733 586 1812 ipsam
597 1733 793 1791 Barbarinam
807 1732 937 1791 celebrat
952 1750 985 1810 p.
1000 1749 1057 1809 111,
1078 1752 1142 1811 qua
1153 1742 1225 1810 post
1245 1731 1312 1791 Va-

194 1912 196 1919 ,
291 1836 425 1893 tiaanam
447 1832 528 1891 nilsit
545 1834 647 1891 Roma
662 1836 828 1914 perfectum
848 1832 959 1892 lrabeat
977 1842 1035 1891 aut
1053 1834 1313 1914 magnificentius,

290 1956 416 2019 seseque
433 1939 535 2018 ipsum
551 1958 584 2018 p.
599 1958 619 1998 v
638 1940 751 1997 Romae
768 1954 827 2013 per
845 1937 997 2013 integrum
1015 1934 1169 1995 biennium
1188 1937 1222 1995 in
1236 1937 1313 1996 aula

296 2039 471 2101 Cardinalrb
488 2049 718 2100 commorantem
731 2037 857 2116 plusin
872 2034 1012 2094 locedia
1029 2040 1199 2117 obstrepitur
1209 2040 1313 2097 aulico
1362 2043 1366 2049 ’

292 2162 386 2221 quam
407 2145 441 2200 ιἰι
462 2143 526 2203 ullo
548 2144 722 2203 academiae
737 2160 852 2199 maceca
871 2149 900 2197 et
919 2137 1028 2197 umbra
1036 2139 1201 2219 prefecisse
1218 2151 1313 2202 teste-

291 2251 357 2319 tur,
376 2262 477 2302 nonne
496 2243 661 2304 admodum
681 2242 824 2303 credibile
838 2242 872 2301 fit
887 2240 1003 2300 ibidem
1015 2262 1087 2301 eum
1099 2243 1134 2302 in
1147 2245 1312 2304 Barbarina

290 2342 473 2404 bibliotheca
490 2346 578 2404 illum
596 2344 676 2426 Lydi
693 2344 827 2404 codicem
842 2342 1026 2402 offendisse?
1047 2348 1224 2424 praesertim
1239 2366 1309 2407 cum
1324 2363 1354 2421 p·
1371 2362 1457 2404 xxxix

291 2443 374 2505 haud
387 2450 480 2507 sciam
490 2467 529 2508 au
542 2467 671 2531 usquam
684 2446 757 2505 alibi
768 2443 858 2505 huius
871 2446 1020 2523 epitomae
1031 2444 1187 2525 Lydianae
1202 2468 1311 2509 exem-

290 2549 373 2627 plar,
397 2548 477 2609 uude
497 2572 587 2611 sumn
602 2561 751 2627 sumeret,
772 2549 948 2608 irrvcnisset.
992 2550 1103 2607 etenim
1120 2547 1203 2632 qnod
1219 2552 1311 2616 tradit

281 2654 338 2711 alr
351 2672 488 2714 summus
500 2655 641 2715 Nicolaus
656 2653 767 2717 Schow
781 2655 814 2711 in
828 2652 993 2730 specimine
1006 2652 1105 2729 operis
1120 2653 1312 2737 0001000010

290 2752 486 2833 (1115501101
507 2756 560 2815 der
581 2757 665 2817 alten
684 2758 841 2816 Litcratar
858 2754 927 2813 uad
935 2754 1050 2825 Kunct,
1070 2752 1312 2837 hamugcgcben

290 2875 350 2915 von
379 2858 572 2938 Tleyclesen
594 2839 662 2919 and
683 2859 925 2928 AHLHceren,
956 2857 1059 2917 fascic.
1078 2862 1116 2935 7,
1150 2860 1311 2940 Gottingae

288 2959 381 3035 1790,
396 2962 434 3037 8,
457 2962 536 3021 inter
548 2962 668 3022 Inedita
681 2982 713 3043 p.
725 2961 787 3041 22)
809 2970 893 3019 etex
902 2961 956 3020 illo
969 2962 1123 3020 Harlesius
1145 2961 1310 3041 (Biblioth.

291 3060 397 3121 Graec.
415 3062 511 3129 0014
529 3085 562 3145 p.
580 3067 640 3132 157
655 3066 711 3124 lin.
724 3063 785 3144 7),
808 3082 850 3122 ex
865 3085 914 3125 ms
933 3066 1029 3143 Regio
1050 3064 1214 3124 Parisiensi
1225 3066 1310 3125 insa-

292 3164 387 3222 001000
400 3166 597 3226 Lambecium
608 3170 641 3225 in
652 3163 938 3226 Animadversioues
950 3166 991 3226 cd
1002 3164 1153 3225 Codinum
1164 3167 1231 3226 loca
1243 3168 1310 3245 illa,

292 3264 346 3345 qui
364 3268 462 3345 potuit
480 3287 509 3327 a.
532 3266 634 3335 1653t
666 3266 747 3350 quod
769 3288 806 3327 eo
825 3278 961 3347 tempore
982 3268 1085 3329 nullus
1102 3272 1225 3331 omnino
1246 3281 1310 3331 erat

290 3369 404 3447 Regius
421 3366 537 3445 codex,
559 3372 612 3450 qui
624 3373 789 3429 contineret
804 3367 879 3428 haec
896 3370 1084 3450 fragmenta:
1104 3373 1310 3451 0001110011-

289 3490 347 3530 nus
369 3460 421 3532 uo.
439 3470 524 3537 3084
547 3483 640 3553 quem
659 3469 741 3549 dixi,
769 3473 871 3533 illatus
891 3475 923 3532 iu
946 3472 1160 3532 bibliothecam
1182 3474 1311 3553 Regiam

291 3577 416 3639 01706
433 3585 496 3651 est,
519 3594 580 3633 una
601 3594 671 3635 cum
689 3575 757 3635 aliis
776 3575 929 3636 codicibus
952 3575 1082 3653 amplius
1095 3573 1159 3640 150
1172 3575 1310 3637 eiusdem

290 3676 414 3755 originis
436 3674 488 3755 (v.
506 3676 653 3735 Me'mor're
665 3678 828 3759 historique
837 3701 891 3739 eur
905 3678 938 3734 la
953 3675 1165 3757 Biblsbtlre'qae
1176 3680 1221 3738 du
1233 3682 1309 3754 Roi,

291 3779 323 3836 iu
349 3770 515 3857 catalogue
528 3778 580 3837 des
591 3780 681 3838 liures
693 3783 846 3859 impr-irride
859 3780 896 3838 de
911 3779 944 3837 la
955 3778 1166 3861 Bsblrbthe’que
1177 3783 1221 3841 du
1233 3785 1305 3841 Roi.

291 3878 442 3938 Premie'rc
454 3880 567 3959 panib.
611 3879 647 3937 A
663 3882 755 3939 Paris
761 3924 774 3953 ,
804 3884 842 3941 de
860 3877 1063 3961 l'impruncrie
1078 3884 1207 3964 Royan.
1252 3886 1307 3946 fol.

289 4002 320 4062 p.
335 3981 417 4062 xiv)
438 3982 543 4041 multis
561 3984 647 4042 annis
662 3995 730 4061 post
741 3981 857 4042 editum
871 3984 1030 4045 Cadiuum.

248 4085 290 4164 5)
312 4088 344 4145 in
366 4085 535 4166 exemplari
558 4081 640 4165 quod
656 4106 696 4144 ex
710 4086 842 4146 literaria
857 4090 1054 4148 instrumento
1070 4086 1306 4149 11110ῑί11000ιὶ-

289 4200 389 4269 pserat
410 4189 448 4249 01.
472 4187 565 4247 abbas
584 4189 745 4263 dictinius,
773 4190 910 4273 interque
933 4188 1060 4251 schedas
1081 4213 1150 4253 suas
1174 4213 1203 4252 a.
1227 4194 1309 4257 1789

290 4292 438 4351 servabat.
480 4293 611 4351 aduertit
617 4293 754 4370 primum
767 4294 813 4351 ad
825 4294 907 4352 huuc
920 4294 1057 4373 Lydum,
1079 4296 1121 4355 ait
1138 4297 1185 4354 vir
1199 4294 1239 4351 cl.
1252 4295 1308 4352 Ni-

291 4392 392 4453 colam
411 4392 523 4457 Sohow
543 4396 631 4478 (1000
649 4397 699 4457 cit.
718 4396 892 4457 Biblioctet·
910 4398 963 4456 der
978 4398 1062 4458 alten
1079 4399 1235 4458 hilaratur
1249 4405 1306 4455 etc.
