3125 4959
619 446 676 513 DE
701 446 918 514 ostanus.
1236 450 1307 520 ι291

220 625 281 699 sqq
302 605 323 679 ὁ
344 613 477 696 κομήτης
497 606 601 689 οὗτος,
631 613 698 678 τοῖς
716 606 851 673 καθ’·ὦα
872 604 1109 690 ἀποστρέφεται
1129 606 1188 687 τοὶς
1208 605 1309 679 uisce-

219 716 291 799 χίας
308 712 455 797 ἐπιφέρει.
505 717 532 773 εἰ
559 714 590 772 δὲ
617 712 664 772 lul
693 714 742 771 scir
771 714 864 776 νότον
890 711 955 787 ἴδῃ,
984 707 1134 776 ἐπιδώσει
1163 712 1178 770 ὁ
1202 720 1309 781 Νεῖλος

221 810 478 898 ἀφθονώτερον,
509 814 604 886 fletvs
624 834 654 874 τε
674 816 721 875 ναὶ
742 812 879 897 εὐετηρία
899 813 980 876 ἔσται
1001 811 1054 878 ἐπὶ
1074 816 1132 896 τῆς
1152 814 1307 887 Αἰγύπτου,

222 912 364 997 ὁμόνοιά
392 938 426 982 τε
451 910 508 978 οιαὶ
536 911 703 999 εἰλικρινὴς
728 920 798 992 τοῖς
825 918 926 980 πᾶσιν
954 911 1082 999 ἡσυχία.
1127 914 1155 979 εἰ
1177 913 1212 980 δὲ
1233 913 1312 980 αἰτιο-

196 1019 414 1093 sacerdotare
435 1017 482 1072 rat
501 1016 583 1081 ιιατᾶ
604 1012 696 1081 νότον
722 1012 805 1108 ἔχων
831 1011 893 1098 τὴν
915 1010 1082 1096 ἀνατολὴν
1103 1014 1156 1081 ἐπὶ
1175 1012 1235 1098 τὴν
1257 1012 1313 1082 dd·

222 1131 276 1183 σιν
296 1117 366 1197 ὁρᾷ,
396 1112 518 1189 ἄπειροι
544 1116 623 1181 ἔσται
650 1119 720 1193 τοῖς
741 1111 912 1201 Ῥωμαιοις
931 1113 1144 1202 εὐδαιμονία·
1176 1116 1309 1196 Πέρσας

220 1238 312 1283 ἴδιοι

306 1322 356 1385 16.
385 1353 507 1377 .......
514 1314 646 1390 ymerius
665 1318 715 1399 τῷ
734 1320 829 1383 παντὶ
849 1316 1043 1403 παρέχουσα·
1064 1322 1112 1378 sot
1132 1316 1184 1377 ὅσα
1204 1318 1309 1387 ἅπλῶς

221 1421 252 1480 ἐν
271 1423 319 1507 τῷ
338 1422 411 1499 xspl
430 1416 574 1501 paviatur
593 1424 642 1477 καλ
668 1424 790 1499 φθορᾶς
818 1418 835 1477 o‘
863 1424 1017 1492 φιλόσοφος
1044 1419 1191 1502 ἀναφέρει.
1240 1418 1309 1477 ὥστε

180 1537 214 1593 10
223 1520 342 1605 ἅνάγιιη
369 1525 455 1584 πᾶσα
482 1522 549 1584 τῶν
573 1513 641 1585 ὑπὸ
672 1519 806 1601 σελήνην
822 1516 957 1583 πάντων
980 1521 1019 1592 αὴ
1050 1521 1130 1604 μίαν
1150 1518 1227 1603 μηδὲ
1248 1518 1310 1603 τήν

220 1619 325 1708 αὐτὴν
345 1616 429 1687 εἶναι
450 1619 563 1705 φύσιν.
618 1618 647 1685 sl
666 1614 731 1703 γὰρ
752 1614 836 1702 ἀρχὴ
856 1617 1010 1703 γενέσεως
1030 1619 1085 1687 sel
1107 1625 1240 1704 φθορᾶς
1262 1638 1311 1687 oa-

220 1725 309 1800 λήνη,
342 1725 414 1790 slsis
442 1722 498 1779 ἐστι
524 1716 570 1805 μὴ
598 1715 649 1787 rial
676 1714 824 1797 ὡσαύτως
844 1725 1046 1803 θεωρεῖσθαι
1065 1716 1105 1785 τὰ
1126 1718 1188 1787 ris'
1210 1720 1311 1807 alseio

220 1828 355 1913 φυόμενα
375 1826 532 1900 συμβάντα
576 1822 604 1889 sl
630 1819 694 1907 γὰρ
723 1821 882 1900 lustrare
907 1821 998 1903 sepul
1024 1823 1095 1890 seis
1121 1822 1220 1890 ἄλλους
1247 1828 1311 1889 τῶν

220 1922 439 2011 πλανωμένων
460 1921 561 2010 αὕτη,
593 1924 696 2003 λοξῶς
718 1923 774 1993 καὶ
797 1919 840 1991 οὐ
860 1921 945 2007 πρὸς
965 1920 1024 2001 ὀξύ
1046 1920 1088 1989 τὰ
1107 1928 1174 1990 τῶν
1194 1920 1311 1995 daors-

180 2026 390 2112 15λεσμοὶτων
402 2026 534 2111 γίνεται.
556 2026 590 2092 oi
610 2023 754 2111 μὲνγὰρ
774 2021 858 2091 succi
879 2021 958 2103 τοὺς
978 2022 1171 2095 διααλόιιονι·
1190 2023 1312 2104 πόλους

220 2131 274 2203 τήν
291 2131 338 2187 ἐπὶ
353 2137 415 2195 ταῖς
430 2128 629 2215 dausqueium
642 2127 799 2209 μαντείαν
811 2123 1067 2201 succedanea,
1096 2127 1178 2192 ἄλλοι
1194 2130 1224 2187 δὲ
1239 2131 1311 2187 κατὰ

219 2227 280 2311 τὰς
309 2230 445 2307 ἐπιτολὰς
472 2227 494 2315 ἢ
520 2228 603 2297 susci
629 2226 691 2308 τοῖς
717 2226 851 2313 φάσεις·
884 2228 942 2297 καλ
968 2211 1064 2295 οὗτοι
1092 2228 1153 2316 μὲν
1181 2233 1254 2303 πρὸς
1274 2234 1310 2290 τὰ

289 2413 492 2483 fumantur
507 2413 541 2469 (l.
645 2416 947 2485 6,νο’τον.]ο(1εοιισοιο
964 2416 1055 2471 melius
1072 2416 1241 2471 essetvriru.
1273 2418 1309 2472 cl.

291 2502 352 2555 cap.
364 2486 408 2537 61.
426 2484 462 2536 Η.
515 2486 531 2537 7
548 2480 591 2535 nte
602 2483 768 2537 desideratur
780 2488 868 2537 folium
881 2497 952 2538 certe
970 2504 1055 2554 uiuum,
1071 2488 1099 2538 in
1117 2504 1168 2553 quo
1186 2486 1311 2540 credibile

291 2564 334 2606 est
345 2555 379 2606 ‹le
391 2552 499 2621 reliquis
515 2552 654 2619 generibus
670 2563 826 2607 cometarum
839 2555 988 2624 disputasse
1004 2556 1115 2619 Lydum,
1134 2555 1205 2605 velut
1222 2557 1254 2607 de
1268 2555 1310 2608 di-

290 2640 352 2675 sceo
369 2623 482 2742 poponia
499 2621 624 2689 typhone,
641 2639 672 2674 ac
689 2621 812 2691 deinceps
831 2624 865 2675 ad
884 2623 1081 2674 observationes
1098 2622 1200 2673 lunares
1215 2625 1310 2691 [σελη-

290 2688 390 2750 eruaris
415 2689 594 2758 ἀπορήσεις]
610 2690 759 2745 transiisse.
792 2691 830 2743 ibi
846 2690 965 2759 suspicor
982 2692 1034 2758 (ex
1052 2692 1219 2760 peroratione
1236 2693 1307 2761 capi-

288 2758 324 2811 tis
340 2758 385 2824 16)
398 2761 546 2825 suscepisse
559 2768 690 2811 auctorem
704 2761 883 2812 defensionem
900 2759 1055 2829 discipliuae
1071 2760 1203 2827 auguralis
1219 2770 1311 2814 contra

290 2843 370 2880 voces
383 2827 557 2895 quorundam,
577 2829 727 2893 negantium
744 2829 891 2881 consociari
907 2846 963 2879 eam
980 2847 1058 2897 posse
1073 2846 1129 2880 cum
1149 2830 1249 2897 pietate
1266 2848 1310 2882 re-

290 2904 384 2963 ctaque
405 2892 573 2975 persuasione
592 2896 625 2945 de
647 2896 752 2946 numine
775 2912 807 2947 ac
830 2904 915 2945 mente
938 2896 991 2945 dci.
1027 2897 1069 2945 cui
1089 2896 1206 2962 opinioni
1225 2914 1308 2965 oppo-

290 2964 375 3018 suisse
391 2965 496 3016 videtur
514 2961 671 3015 ratiunculas
695 2981 710 3015 e
731 2961 807 3013 libris
823 2962 973 3014 Aristotelis
990 2963 1023 3014 de
1040 2962 1111 3015 caelo
1126 2965 1211 3031 deque
1228 2981 1310 3034 gene-

290 3033 393 3086 ratione
417 3039 444 3084 et
467 3030 633 3100 corruptione
657 3030 833 3100 conquisitas:
856 3039 1039 3099 tempestatum
1055 3031 1249 3085 vicissitudines
1268 3052 1313 3086 re-

290 3118 398 3169 rumque
415 3101 581 3153 humanarum
599 3100 827 3165 commutationes,
849 3100 924 3151 modo
942 3099 1013 3167 leges
1031 3117 1047 3151 a
1064 3102 1229 3167 providentia
1246 3103 1313 3157 lixas

291 3171 406 3237 noveris,
424 3187 476 3222 non
489 3169 573 3221 minus
590 3186 606 3222 a
623 3168 774 3221 mortalibus
791 3167 855 3221 sciri
871 3168 1038 3236 praedicique
1056 3186 1133 3235 posse
1148 3187 1224 3237 quam
1240 3168 1312 3224 sid‘e-

290 3256 346 3291 rum
364 3257 465 3291 cursum
488 3239 663 3307 impetumque
682 3236 756 3289 caeli.
793 3254 844 3305 qua
867 3256 899 3288 ex
925 3238 1147 3305 argumentatione
1171 3251 1312 3305 supersunt

291 3307 335 3359 illa
360 3326 417 3375 cap.
438 3309 484 3370 16,
510 3306 671 3373 fngientibus
695 3304 847 3372 plerumque
871 3306 971 3373 literis,
998 3322 1064 3373 qnae
1081 3306 1147 3356 hunc
1165 3308 1190 3356 in
1208 3310 1310 3362 modum

290 3375 431 3431 restituere
446 3382 525 3444 atque
538 3382 642 3426 vertere
659 3389 716 3426 sum
731 3381 850 3426 conatus.
934 3376 968 3429 13
983 3375 1045 3427 fort.
1062 3371 1092 3426 εἴ
1104 3389 1143 3441 γε.
1159 3374 1196 3427 Η.

223 3546 284 3616 ille,
306 3546 341 3601 iis
353 3546 382 3601 in
399 3564 464 3617 quos
481 3546 603 3613 devergit
617 3542 803 3601 frustrationes
819 3543 1040 3615 exspectationum
1056 3546 1145 3599 all'ert.
1179 3546 1203 3598 si
1219 3547 1245 3600 in
1262 3564 1309 3600 an-

224 3625 307 3671 strum
325 3625 443 3686 spectat,
468 3616 543 3669 Nilus
560 3615 721 3669 incremento
743 3617 842 3669 maiore
862 3614 1020 3677 abrandabit3
1045 3632 1097 3683 pax
1113 3625 1140 3667 et
1153 3616 1311 3671 abundantia

224 3687 279 3740 erit
298 3704 347 3754 per
364 3688 526 3755 Aegyptum:
552 3684 691 3737 concordia
717 3692 745 3738 et
766 3683 939 3753 tranquillitas
964 3684 1068 3735 sincera
1084 3701 1131 3751 per
1147 3688 1235 3737 orbem
1253 3695 1308 3738 ter-

222 3771 319 3807 rarum.
354 3756 377 3807 si
397 3757 542 3821 devergens
562 3762 589 3806 et
609 3762 725 3805 austrum
745 3771 838 3807 versus
854 3762 971 3805 exortum
990 3754 1087 3805 liabens
1106 3753 1134 3804 in
1148 3755 1309 3808 occidentem

222 3832 334 3891 spectat,
352 3841 450 3877 summa
465 3824 517 3876 erit
533 3820 620 3891 populi
633 3823 745 3875 Romani
759 3824 886 3876 felicitas:
901 3821 1066 3875 Parthos...

286 3892 335 3945 216.
370 3890 637 3947 ......ccnversio
659 3891 727 3944 caeli
747 3891 801 3945 rim
823 3889 962 3959 genitalem
983 3890 1043 3943 lruic
1071 3890 1236 3945 urriversitati
1257 3890 1307 3946 tri-

222 3960 322 4023 buens3
339 3969 366 4013 et
378 3961 502 4031 quicquid
519 3959 619 4013 omnino
640 3958 667 4011 in
681 3959 749 4014 libro
764 3962 805 4015 De
821 3961 990 4028 generatione
1006 3969 1033 4012 et
1050 3961 1217 4028 corruptione
1234 3961 1308 4028 prin·

222 4045 285 4095 ceps
299 4030 533 4099 Peripateticorum
550 4035 739 4084 commemorat.
774 4042 805 4082 ut
828 4047 936 4081 necesse
957 4028 1034 4098 plane
1056 4028 1093 4082 sit
1114 4046 1199 4081 rerum
1216 4030 1307 4082 sublu-

221 4098 322 4150 narinm
346 4101 459 4165 omnium
476 4117 527 4151 nou
551 4116 626 4153 uuam
645 4116 731 4171 neque
750 4101 858 4153 eandem
883 4117 942 4162 esse
963 4107 1089 4151 naturam.
1131 4116 1191 4150 uram
1206 4098 1228 4150 si
1246 4097 1308 4151 luua

221 4165 377 4233 principium
397 4181 438 4221 est
451 4168 634 4236 generationis·
645 4177 673 4219 et
687 4168 878 4237 corruptionis,
896 4168 1016 4236 sequitur
1033 4185 1084 4219 non
1101 4184 1204 4236 semper
1222 4167 1312 4219 eodem

221 4236 297 4287 modo
316 4253 445 4303 apparere
462 4253 528 4305 quae
544 4240 593 4290 sub
610 4235 655 4288 illa
668 4238 738 4289 forte
752 4238 876 4290 existant.
912 4235 1017 4288 sienim
1031 4253 1048 4287 a
1062 4247 1151 4287 centro
1170 4237 1251 4305 magis
1267 4252 1312 4286 re-

221 4302 291 4354 cedit
307 4320 383 4370 quam
402 4305 453 4358 alia
465 4306 594 4373 errantia,
612 4305 718 4374 obliqua
732 4307 764 4359 fit
779 4323 829 4358 nec
845 4306 1003 4373 praerapida
1018 4304 1215 4358 efficientiarum
1233 4303 1311 4357 ratio.

219 4371 407 4425 divinationem
423 4392 491 4440 quae
509 4394 541 4427 ex
563 4374 691 4444 prodigiis
707 4374 754 4441 fit,
781 4374 814 4427 ad
835 4374 909 4442 polos
932 4374 1049 4427 deflexos
1070 4375 1236 4425 moderantur
1256 4372 1310 4436 alii,

220 4440 265 4496 alii
281 4441 315 4497 ad
332 4450 406 4497 onus
425 4453 471 4497 aut
487 4443 694 4515 praefulsiouesa
717 4443 746 4499 hi
761 4453 869 4500 serrato
885 4443 920 4499 ad
936 4443 1073 4499 duodecim
1089 4443 1166 4513 signa
1178 4442 1249 4508 sole,
1272 4441 1308 4493 illi
