3125 4959
260 415 335 487 εοο
497 360 500 368 ’
657 412 828 482 romnis
854 383 958 482 einr

256 588 315 664 τὰς
327 581 577 673 ἓντιρρήγνοσθαι,
593 588 645 652 καὶ
660 583 867 675 διαφερόντως
879 588 1058 655 ίκόίόοσθαι
1072 588 1247 678 ξηροτίρος,
1262 586 1353 675 ἧνίιια

256 686 390 773 βαθείας
402 689 497 774 οόσης
512 697 569 774 τῆς
581 692 613 755 ἓν
629 698 674 779 τῷ
686 692 771 780 μίση)
780 690 887 778 χιόρλις
901 691 1001 779 όρεσιν
1015 690 1148 779 όιμηλοῖς
1163 691 1181 759 ό
1195 690 1288 771 τόπος
1300 696 1352 759 ἕκ-

255 796 395 859 κλείοιτο.
445 796 497 858 καὶ
518 792 584 876 ἅμα
604 794 661 877 μὲν
676 786 730 861 σόν
749 795 842 860 αὐτόν
860 792 1000 881 ἓκιίτερον
1014 800 1143 882 γίνεται,
1168 794 1352 883 ἡβροντῆἥ

255 922 287 962 τε
308 894 467 983 ἀστραπή·
501 896 604 981 ἐπειδὴ
633 898 668 963 δὲ
694 897 823 984 όξοτίρα
845 906 900 983 τῆς
920 898 1052 984 όκοῆςῆ
1074 900 1149 985 όιμις
1172 902 1217 989 τῷ
1234 906 1350 965 θᾶττον

254 1002 303 1065 lul
325 1006 386 1063 πᾶν
404 1000 589 1067 ἐντείνεσθαι
594 1047 607 1082 ‚
641 998 765 1089 πρώτην
788 998 925 1090 ὁρᾶσθαι
944 1001 1092 1083 πολλάκις
1114 1004 1274 1087 συμβαίνει
1293 1002 1375 1088 voirs

253 1098 423 1191 ἀστραπήν.

358 1204 418 1272 22.
467 1206 566 1270 Πόσα
578 1205 612 1271 δὲ
626 1202 752 1294 βροντή,
777 1205 958 1274 aelredum
973 1208 1005 1273 οἳ
1019 1206 1167 1296 μετίωροι
1182 1210 1233 1274 καὶ
1248 1206 1350 1291 denzi-

251 1332 361 1373 σταται
376 1304 510 1389 μάλιστα
516 1356 528 1387 ,
555 1311 739 1391 σημαίνοοσί
750 1335 780 1375 τι
787 1358 799 1391 ,
824 1314 875 1377 καὶ
890 1308 1097 1399 διαφερόντως
1109 1314 1143 1377 ἐκ
1159 1318 1216 1378 τοῦ
1228 1310 1349 1399 ἄριστε-

250 1416 310 1497 ροῦ
322 1411 435 1497 μίροος
449 1418 504 1478 τοῦ
519 1407 655 1495 κόσμου·
680 1418 770 1479 τοῦτο
786 1413 819 1479 δ’
836 1413 874 1479 όν
886 1413 982 1497 είητό
996 1411 1106 1479 νότιον.
1150 1415 1184 1479 αἱ
1195 1414 1256 1501 γὰρ
1273 1412 1350 1500 πρός

249 1509 339 1579 νότον
350 1516 407 1579 rial
421 1510 576 1601 θειότεραι
592 1514 672 1583 κατὰ
682 1515 737 1581 τόν
748 1514 893 1602 ποιητήν,
916 1517 979 1582 ἐπεὶ
995 1520 1047 1583 καὶ
1061 1516 1140 1606 πρὸς
1152 1509 1208 1583 τοῦ
1222 1522 1278 1601 τῆς
1292 1522 1348 1600 γῆς
1356 1527 1392 1582 10

249 1612 365 1702 ἓφόρον
389 1614 630 1703 ίτιιτροπεόεται,
662 1614 706 1695 ὡς
719 1622 901 1705 Αἰγυπτίοις
920 1622 1017 1701 donzi,
1042 1628 1098 1687 τοῦ
1113 1617 1236 1706 Κρόνου
1260 1618 1347 1704 λόγω,

248 1717 353 1805 ὥσπερ
375 1718 410 1783 τό
429 1716 551 1806 βόρειον
573 1718 634 1785 sind
655 1728 711 1786 τοῦ
733 1729 790 1805 τῆς
806 1724 946 1807 γενέσεως
965 1726 1082 1790 αῗτίοσ·
1114 1722 1191 1789 ὅθεν
1204 1724 1255 1788 καὶ
1270 1722 1349 1809 πρός

247 1818 337 1887 νότον
351 1821 391 1886 τὰ
407 1821 474 1909 lepti
490 1820 720 1888 όντεοθόνεσθαι
731 1820 888 1911 Ἑβραίοις
902 1829 954 1891 καὶ
969 1827 1150 1911 Αἷμονιτόνις
1167 1828 1260 1890 domi.
1307 1822 1347 1889 τό

247 1923 288 2008 δὴ
305 1915 358 1989 οόν
375 1920 597 2010 χρησιμώτατα
617 1933 679 1991 τῶν
698 1930 767 2014 περὶ
790 1925 901 1993 τοότοσ
916 1926 1128 2016 θεωρημάτων
1145 1923 1348 2009 καταμαθών,

246 2028 300 2094 καὶ
315 2033 377 2111 τῶν
391 2025 544 2111 κιβόηλων
559 2023 754 2116 ἐκκαθάρας,
779 2030 837 2114 τὴν
855 2034 990 2117 θεοιρίαν
1009 2028 1161 2113 ὕσοθήσω
1182 2037 1228 2119 τῷ
1249 2025 1389 2116 λόγῳ·Ῑό

244 2132 390 2207 ποικίλως
403 2155 435 2214 με
451 2129 513 2213 μὴν
526 2129 620 2215 οόσης
633 2134 684 2196 καὶ
700 2135 904 2215 πολοσχιόοῦς
916 2142 971 2217 τῆς
984 2135 1130 2220 θεωρίας,
1150 2133 1226 2209 τίεις
1235 2137 1348 2219 χρειῶ-

246 2236 298 2310 όες
321 2236 517 2320 όιαρθρῶσαι
540 2234 598 2318 τὴν
619 2232 802 2322 παρόόοσιν.
852 2236 882 2301 ol
903 2237 960 2319 pir
983 2237 1023 2321 δὴ
1047 2239 1172 2302 παλαιοὶ
1193 2241 1260 2302 τῶν·
1279 2236 1348 2321 περὶ

243 2341 343 2401 ταῦτα
365 2338 540 2402 σιτοοόαίων
560 2337 638 2425 πρός
652 2337 708 2422 τὴν
727 2335 855 2423 σελήνην
873 2342 925 2404 καὶ
945 2337 1001 2417 τός
1015 2342 1048 2406 ἓν
1067 2339 1147 2426 αὐτῇ
1164 2337 1275 2427 φόσεις
1293 2336 1347 2417 τόν

244 2441 313 2525 περὶ
328 2444 466 2526 βροντῶν
484 2438 598 2505 σκοπόν
614 2439 855 2521 ότιεοθόνοοσιν,
888 2444 952 2507 luri
967 2446 1018 2507 uel
1033 2448 1153 2525 μᾶλλον
1169 2443 1346 2523 ἓιιιβίβηκεν

245 2541 324 2625 αότη
343 2550 387 2631 τῷ
402 2542 478 2627 μένει
491 2549 536 2631 api
550 2544 638 2608 παντὶ
658 2546 710 2609 καὶ
725 2540 826 2611 πάντα
840 2554 996 2631 ττροσεχιῖις
1009 2547 1162 2609 όιοικεῒται
1177 2544 1222 2607 δι’
1239 2541 1389 2623 odenato

243 2644 392 2739 όθενκαὶ
416 2642 493 2729 τείχη
515 2642 593 2733 πρός
611 2671 702 2712 τινων
720 2649 771 2711 καί
785 2643 914 2732 πρόνοια
929 2643 1062 2731 λέγεται·Ὶ
1083 2646 1113 2711 oi
1131 2648 1165 2710 όὲ
1179 2642 1346 2728 Λίχόνιτιοι

243 2744 327 2836 πρός,
337 2746 424 2831 ἥλιον
438 2748 576 2826 καὶτοὺς
591 2754 653 2814 τῶν
670 2749 703 2815 ἓν
717 2750 840 2839 οὐρανῷ
854 2750 969 2838 ζηιόίιον
984 2749 1088 2826 οίκοος
1101 2748 1155 2815 τόν
1168 2748 1344 2831 στοχασμὸν

308 2908 429 2961 unatim
444 2904 603 2977 lyultlotro.
631 2910 669 2964 Η.
759 2910 814 2980 leg.
831 2904 930 2964 τιν’τιόν
947 2910 1006 2963 siro
1022 2904 1134 2963 αότοῖν.
1151 2909 1189 2961 Η.
1276 2903 1343 2962 ret

310 2973 410 3043 ἔφοροι
427 2978 460 3029 0.
530 2980 626 3031 8lort.
645 2976 677 3031 ai
692 2976 732 3034 ἐκ.
748 2980 788 3033 Η.
858 2982 892 3033 10
907 2980 956 3031 καί
972 2980 1006 3032 c.
1078 2973 1114 3031 17
1125 2974 1177 3045 μὲν
1186 2973 1229 3044 ’δὴ
1246 2992 1290 3029 oar
1304 2974 1339 3029 C.

310 3047 344 3101 18
360 3042 414 3113 τὴν
427 3040 544 3115 σελήνην
559 3047 608 3099 καὶ
625 3065 667 3099 om
683 3049 718 3101 c.
820 3047 879 3101 τοῖιν
893 3048 917 3100 0
934 3055 963 3099 et
977 3046 1099 3100 σκοπῶν.

239 3182 350 3240 aesiatis
373 3190 494 3252 tempore
521 3182 639 3237 tonitrua
662 3182 862 3265 displodantar,
896 3189 925 3236 et
947 3182 1062 3236 sicciora
1084 3184 1195 3237 maxime
1216 3182 1340 3249 evadant,

240 3254 363 3323 ιμιοιιιΙο,
394 3254 522 3322 depressa
546 3252 632 3305 medin
654 3270 777 3321 regione,
806 3251 884 3304 celsis
907 3252 1040 3305 montibus
1061 3252 1135 3305 locus
1158 3252 1339 3305 coneludatnr.

240 3324 308 3375 linut
324 3332 410 3374 autem
428 3324 504 3375 ambo
521 3320 613 3390 simul,
637 3322 780 3375 tonitrunm
806 3330 834 3374 et
854 3320 1011 3389 fulgetrum:
1034 3323 1082 3374 sed
1104 3321 1226 3389 qnoniam
1249 3320 1342 3372 auditu

240 3390 314 3443 visua
331 3390 454 3511 velociop¹
465 3389 592 3460 ociusque
608 3392 643 3445 ad
660 3390 748 3445 omnia
767 3391 937 3461 extenditur,
961 3409 1043 3461 saepe
1063 3397 1094 3442 ut
1107 3389 1250 3458 fulgetrum
1265 3387 1341 3459 prius

240 3467 365 3513 armatur
381 3459 438 3512 occi
458 3460 488 3513 it.

306 3530 352 3583 22.
369 3532 455 3583 Omne
469 3527 621 3595 tonitruum,
639 3544 781 3597 eorumque
794 3527 957 3599 potissimum
972 3543 1043 3596 quae
1059 3534 1122 3581 sunt
1134 3526 1244 3579 maxime
1257 3522 1340 3578 snbli-

223 3596 292 3651 ·miu
316 3605 342 3651 et
361 3597 532 3665 resonantia,
562 3596 694 3665 significat
709 3614 789 3651 unum
805 3598 883 3667 quid,
906 3616 939 3651 ao
956 3595 1101 3679 praecipue
1115 3613 1184 3665 quae
1198 3595 1341 3648 audiantur

238 3684 256 3719 ιι
273 3674 349 3735 parto
367 3666 442 3721 luera
458 3666 556 3733 mundi,
574 3684 651 3735 qnam
664 3666 804 3719 australem
820 3682 970 3735 nuncupare
986 3682 1084 3733 possis.
1118 3682 1179 3718 nam
1194 3680 1263 3734 quae
1276 3679 1340 3715 ver-

237 3745 305 3803 gunt
322 3737 355 3788 ad
373 3746 505 3804 anstrum,
524 3735 656 3788 diviniora
669 3744 740 3803 sunt,
758 3735 873 3789 Homero
888 3741 974 3801 teste,
994 3735 1221 3804 quandoquidem,
1238 3738 1269 3785 ut
1286 3732 1340 3783 Ae-

237 3804 326 3876 gyptii
344 3806 495 3872 autumant,
519 3805 672 3873 apraeside
686 3814 776 3859 terrae
793 3803 1021 3869 administrantur,
1041 3803 1163 3857 nimirum
1179 3820 1196 3855 a
1212 3802 1339 3867 Saturno,

236 3873 307 3927 sicut
323 3890 385 3943 pars
407 3874 621 3943 septentrionalis
644 3875 678 3927 ab
699 3892 730 3927 eo
749 3874 796 3957 qai
812 3871 991 3942 generationis
1009 3880 1052 3926 ost
1067 3871 1235 3942 principium.
1271 3887 1337 3938 quo-

237 3942 310 3995 circa
332 3942 451 3995 Hebraei
476 3960 582 4012 quoquo
606 3949 634 3995 et
652 3942 780 4011 Aegyptii
803 3943 836 3996 ad
861 3952 977 3995 austrum
999 3959 1092 3995 versus
1111 3957 1243 4011 peragere
1263 3954 1340 3990 saera

238 4010 334 4064 solent.
359 4028 409 4079 ego
425 4012 587 4081 percognitis
602 4011 747 4065 utilissimis
765 4030 799 4064 ex
815 4010 972 4080 disciplinae
989 4011 1067 4065 liutius
1084 4004 1338 4080 capitibusffioctri-

237 4097 298 4133 num
318 4080 470 4149 expurgatis
490 4080 645 4135 adulterinis
662 4081 816 4149 subiungant
828 4082 956 4133 sermoni:
982 4082 1029 4134 sed
1045 4098 1103 4140 cum
1116 4078 1193 4131 varia
1205 4077 1243 4130 sit
1255 4073 1336 4128 disci-

236 4149 310 4219 plina
327 4159 355 4201 et
374 4148 525 4217 multiplex,
552 4168 586 4203 ex
609 4166 658 4203 usu
676 4158 718 4203 est
734 4152 807 4219 prius
829 4149 986 4203 articulatim
1008 4148 1172 4217 distinguere
1196 4142 1337 4215 principia.

237 4236 272 4272 ex
289 4217 415 4273 studiosis
432 4216 589 4287 disciplinae
606 4216 769 4288 antiquiores
786 4220 821 4273 ad
838 4218 925 4271 lunam
942 4219 1052 4288 eiusque
1069 4215 1262 4287 praefulsiones
1287 4214 1336 4264 ob-

235 4288 412 4341 servationem
429 4286 597 4340 tonitrualem
613 4288 744 4357 dirigunt,
770 4288 842 4357 qnod
865 4287 910 4340 illa
930 4288 1019 4357 potius
1043 4286 1146 4355 praesit
1164 4282 1258 4353 generi
1276 4280 1337 4333 uni·-

236 4373 325 4425 verso,
343 4365 371 4411 et
388 4356 474 4410 onmia
486 4355 610 4409 continuo
628 4358 661 4409 ab
677 4374 710 4409 ea
724 4357 956 4422 adminis'trentur3
973 4372 1055 4426 quere
1072 4363 1101 4408 et
1115 4356 1255 4407 fortuna‘a
1270 4367 1336 4402 nou-

235 4424 312 4480 nnllis
329 4434 358 4482 et
372 4425 543 4499 providentia
557 4424 715 4483 nomiuattu.
741 4435 835 4484 count
849 4426 979 4499 Aegyptii
995 4427 1030 4481 ad
1042 4424 1125 4480 solem
1141 4430 1170 4479 et
1185 4419 1337 4505 ‘caelestinus
