3125 4959
633 419 979 492 comminamus
1265 439 1348 491 nm

258 617 370 701 dupor,
391 613 528 702 Νοοήτας
540 617 561 686 6
573 618 764 707 Παφλαγών,
784 617 893 706 locrio
903 622 923 689 6
935 620 1071 699 liniator
1083 620 1136 688 eal
1150 619 1304 707 Mavortii
1317 622 1351 689 oi
1364 650 1393 706 p.
1409 646 1497 689 xxxiv

258 715 434 799 Βυζάντιοι,
464 718 645 807 Νινηφόρος
665 722 685 790 6
706 719 850 800 διάκονος
871 724 953 803 [cod.
973 727 1037 786 sine
1053 726 1193 806 articulo]
1215 723 1234 791 6
1255 723 1350 810 Φρύξ,

257 819 278 887 o‘
289 815 425 899 Ἀοιοινδς
436 822 544 903 Λέων,
566 821 723 909 Θεόδωρος
738 825 824 909 ὁτῆς
835 828 932 908 Σίδης
942 821 1104 911 γενόμενος
1114 820 1259 909 πρόεδρος
1264 876 1276 905 ,
1298 827 1350 892 xci

258 920 278 987 6
290 919 400 990 τούτου
417 919 547 1005 ἆνεψιδς
560 925 612 991 net
624 923 789 1011 ὁμόνομον
804 928 822 993 6
836 934 892 1010 τῆς
905 928 939 993 ἕν
953 928 1120 1013 Σεβαστείᾳ
1133 925 1351 1011 καθηγησάμε-

258 1046 312 1100 νος
334 1024 507 1107 ἐκκλησίας,
527 1026 579 1091 καὶ
603 1027 653 1094 tet
672 1025 771 1117 τούτῳ
793 1024 965 1112 Δημήτριος
984 1026 1075 1110 ὁτῆς
1090 1030 1241 1107 Κυζίκου,
1262 1030 1314 1093 soi
1332 1029 1352 1096 6

258 1121 389 1211 μονοχός
405 1121 546 1211 Ἰωάννης
567 1127 587 1195 6
603 1128 708 1207 Λυδός
730 1132 846 1196 οἰκείαν
870 1130 991 1205 ἕκαστος
1008 1126 1161 1194 dosideres
1180 1125 1352 1215 προστησά-

200 1237 207 1249 “
258 1251 364 1310 μενος,
386 1227 403 1294 6
423 1226 479 1312 pir
501 1230 627 1298 ἔπαινον
648 1231 807 1315 βασιλέως,
827 1231 845 1297 d
863 1233 894 1299 di
912 1230 1015 1316 ψόγον
1028 1228 1230 1315 πατριάρχου,
1252 1232 1351 1315 ἕτερος
1390 1280 1396 1299 -.

258 1325 293 1392 di
311 1330 404 1409 φίλον
426 1328 591 1415 ἐγκώμιον,
612 1334 665 1399 sai
687 1333 721 1401 iv
742 1334 876 1419 ἴστορίας
893 1330 1021 1417 σχήματι
1034 1330 1089 1398 τόν
1104 1332 1214 1399 ἑαυτοῦ
1227 1333 1351 1410 ἕκαστος

257 1424 504 1514 ἐκπληροῦντες
517 1432 642 1516 mondo,
658 1431 762 1521 πόρρω
777 1442 833 1518 τῆς
845 1441 906 1502 τῶν
921 1434 1086 1519 εἰρημένον
1099 1430 1222 1518 οἷνδροῖν
1233 1430 1352 1500 nemri-

257 1552 328 1596 νοσι
353 1534 499 1611 διανοίας.
542 1556 603 1620 quo
623 1540 656 1599 in
675 1542 741 1600 loco
760 1544 818 1600 riri
834 1539 914 1599 docti
927 1540 960 1597 in
975 1543 1086 1599 Ioanne
1099 1537 1186 1618 Lydo
1201 1534 1350 1597 moneolro

256 1646 392 1695 nostrum
422 1639 480 1698 sibi
505 1642 651 1701 loannem
676 1644 734 1703 risi
754 1654 824 1703 sunt
843 1661 1014 1721 agnoscere.
1055 1660 1160 1700 verum
1183 1638 1266 1700 haud
1288 1641 1351 1699 scio

256 1752 349 1815 quam
363 1749 453 1799 recte.
483 1743 571 1803 mitto
585 1740 623 1802 de
637 1742 777 1805 monachi
790 1745 923 1819 nomine,
947 1762 1016 1803 cum
1028 1740 1132 1824 Lydus
1144 1753 1247 1803 noster
1260 1738 1352 1824 quid-

255 1839 412 1918 vispotius
426 1841 517 1900 luerit
528 1861 622 1923 quam
634 1844 818 1905 morrachus:
840 1848 879 1904 sit
891 1844 950 1902 hoo
962 1862 1044 1902 error
1056 1846 1217 1923 Scylitzee.
1261 1843 1351 1902 ceteri
1419 1881 1422 1887 ,

256 1960 326 2000 vero
350 1960 455 2001 omnes
474 1961 549 2023 quos
569 1964 630 2003 una
643 1955 809 2023 memorat,
830 1942 868 2005 de
883 1963 1016 2028 quornm
1023 1941 1148 2025 quidem
1161 1952 1259 2003 aetate
1276 1962 1352 2003 con-

254 2053 330 2118 stat,
352 2062 413 2124 quo
433 2054 569 2125 ternpore
591 2047 774 2108 floruerunt?
794 2066 904 2128 nempe
920 2065 1024 2107 omnes
1038 2056 1107 2126 post
1119 2048 1282 2127 imperium
1292 2042 1349 2104 do*
1363 2066 1391 2121 p.
1406 2063 1484 2104 xxxv

253 2164 322 2201 suus
342 2148 507 2203 Isauricae:
529 2145 708 2206 Theodorus
730 2146 928 2226 Daphnopato
949 2148 1069 2205 saeculo
1087 2150 1108 2211 9
1130 2159 1183 2207 aut
1203 2146 1352 2227 posterius

255 2245 347 2326 (nam
374 2247 492 2324 scripsit
515 2247 607 2305 etiam
627 2248 721 2307 vitam
743 2246 900 2308 Theodori
921 2245 1058 2307 studius
1076 2266 1105 2307 a.
1125 2250 1189 2314 826
1207 2244 1351 2326 mortui),

254 2348 373 2406 Nicetes
384 2344 544 2429 Paphlago
558 2350 650 2429 paulo
667 2359 735 2430 post
750 2368 777 2408 a.
793 2352 871 2427 880,
894 2349 1040 2410 Genesim
1053 2351 1132 2409 circa
1146 2368 1174 2409 a.
1187 2348 1266 2426 940,
1286 2351 1350 2410 Leo

237 2476 238 2479 ¹
255 2450 384 2509 Asianus
405 2461 474 2530 post
492 2450 572 2527 9493
594 2460 628 2510 ut
644 2470 705 2511 non
723 2454 762 2511 sit
778 2452 933 2532 probabile
946 2453 1025 2544 inter
1037 2446 1094 2511 hos
1106 2461 1229 2531 tamque
1244 2469 1351 2509 recen·

254 2562 301 2612 tes
317 2554 389 2632 poni
404 2554 580 2633 scriptorem
593 2556 736 2634 temporis
748 2555 933 2613 lmtinienei.
975 2550 1047 2611 dein
1063 2553 1196 2634 quaesit
1210 2550 1352 2631 scylitza,

255 2674 355 2714 noune
376 2675 411 2713 ea
433 2658 465 2713 in
481 2652 630 2715 eiusmodi
644 2657 801 2735 scriptores
813 2658 912 2735 potius
927 2653 1034 2714 cadere
1048 2653 1188 2714 ridentur
1199 2655 1253 2735 qui
1266 2654 1351 2733 prin·

256 2759 329 2837 cipis
344 2759 469 2817 alicuius
481 2758 658 2835 virivitam,
679 2762 711 2815 iu
724 2778 783 2839 qna
797 2758 1000 2833 elaborarent,
1021 2758 1081 2818 sibi
1091 2756 1296 2837 reposuerint,
1316 2764 1351 2814 ut
1408 2787 1411 2794 ·

255 2861 466 2919 Constantinus
486 2861 595 2920 Caesar
616 2862 720 2920 Basilii
741 2850 914 2921 Macedonis
937 2861 1004 2935 avi,
1032 2871 1067 2918 ut
1086 2860 1175 2918 Anna
1196 2857 1350 2915 comneno

144 2996 147 3003 ,
254 2961 356 3019 Alexii
369 2963 481 3039 patris,
502 2981 593 3040 quarn
607 2964 640 3019 iu
655 2961 792 3040 Lydum,
814 2965 867 3041 qui
882 2963 1073 3040 antiquitates
1088 2960 1238 3017 Romanas
1251 2957 1349 3029 multo

255 3069 300 3121 est
319 3063 417 3140 inagis
437 3080 528 3143 quam
547 3082 595 3121 res
614 3063 770 3121 Iustiniani
792 3082 832 3120 ex
852 3063 1003 3141 proposito
1019 3055 1214 3142 persecutus'i
1256 3078 1350 3141 quare

255 3163 305 3223 rel
323 3162 425 3222 locum
444 3165 582 3223 vitiatum
603 3182 686 3241 esse,
706 3164 757 3223 rel
769 3165 819 3242 agi
831 3165 965 3243 suspicor
981 3160 1019 3222 de
1032 3160 1165 3244 quodam
1179 3162 1292 3221 saeculi
1308 3164 1350 3228 10

256 3267 396 3347 scriptore
411 3269 542 3341 Ioanne,
565 3275 595 3325 et
607 3265 694 3347 Lydo
708 3268 761 3325 illo
775 3276 805 3324 et
819 3264 984 3325 monacho:
1008 3263 1090 3322 huno
1103 3273 1203 3321 actem
1217 3284 1282 3323 esse
1298 3273 1352 3322 ant

256 3372 378 3430 omnino
391 3366 543 3450 perditum
559 3379 611 3427 aut
626 3379 705 3427 certe
721 3365 820 3427 adhuc
836 3379 866 3427 et
877 3365 1027 3426 ineditum
1040 3377 1072 3425 et
1084 3367 1264 3444 ignoratum.

339 3475 412 3533 Post
423 3469 540 3551 cpolim
553 3488 581 3526 a.
601 3469 681 3533 1204
696 3472 835 3530 anostris
844 3468 1017 3531 hominibus
1029 3477 1163 3548 captam,
1184 3486 1255 3527 oum
1266 3465 1347 3524 mul·
1369 3471 1409 3533 16

256 3573 295 3632 tis
314 3573 475 3651 repeutInis
491 3571 589 3651 regnis
602 3568 735 3653 undique
751 3575 863 3633 exortis
880 3573 1004 3632 Graecia
1019 3568 1166 3629 diuturnis
1179 3566 1349 3628 dimicatio-

255 3674 344 3732 nibus
366 3673 518 3751 flagraret,
546 3671 802 3755 quemadmodum
823 3674 1022 3755 complurium
1042 3672 1184 3748 eliorum,
1206 3672 1249 3729 ita
1269 3666 1349 3749 Lydi

256 3793 376 3855 quoque
394 3777 527 3855 reliquos
546 3777 578 3835 in
597 3776 716 3836 Oriente
737 3776 855 3837 codices
874 3776 1046 3853 absumptos
1062 3795 1127 3836 esse
1140 3770 1281 3833 credibile
1292 3781 1349 3847 est,

254 3888 373 3956 praeter
386 3896 481 3958 pauca
496 3878 561 3938 eius
576 3889 605 3937 et
618 3878 717 3937 ieiuna
732 3891 890 3960 excerpta,
912 3876 1037 3959 quibus,
1059 3886 1219 3958 postquam
1236 3892 1348 3953 urgen-
1361 3890 1391 3947 p.
1406 3888 1496 3930 rurs

255 3979 335 4038 tibus
356 3980 464 4039 Tuscis
484 3981 602 4042 literato
622 3982 745 4041 Graecia
767 3984 800 4039 in
820 3978 1011 4042 Occidentem
1023 3975 1184 4037 transfudit
1195 3996 1276 4052 sese,
1298 3977 1348 4034 bi·
1463 4038 1466 4044 .

254 4077 423 4141 bliothecae
447 4092 566 4143 nostrae
587 4093 770 4163 postremum
793 4082 964 4162 perfugium
986 4081 1196 4160 praebuerunt.
1236 4076 1285 4137 lris
1310 4076 1348 4136 de

255 4186 405 4263 excerptis
424 4184 606 4267 singulatim
633 4204 711 4243 nunc
737 4185 846 4245 dicam.
890 4183 1087 4260 suspiciosruu
1105 4202 1177 4241 sane
1198 4189 1228 4239 et
1245 4181 1348 4239 multis

254 4283 418 4342 multorum
434 4287 579 4346 erroribus
593 4288 798 4367 perturbatrun
811 4286 981 4365 negotium,
1003 4283 1058 4343 sed
1070 4303 1169 4365 neque
1184 4284 1315 4342 alienum
1329 4300 1347 4339 a

258 4404 290 4445 re
297 4428 307 4465 ,
328 4392 358 4446 et
374 4388 424 4461 cui
437 4388 499 4447 iam
512 4408 592 4450 nunc
606 4386 789 4473 quotidianis
802 4410 871 4449 sum
884 4385 991 4451 studiis
1006 4388 1198 4449 assuefactus.
1240 4384 1350 4447 lrorum
