3125 4959
237 398 303 451 xxx
527 378 638 452 nasu
660 381 718 451 DE
741 380 899 453 roam
923 381 1042 454 mro

168 608 169 613 ¹
238 582 407 662 fragmenta
423 591 574 664 quattuor.
605 582 703 665 operio
718 602 790 645 vero
802 580 840 643 do
853 567 1076 666 Magiotratibm
1091 581 1168 648 adeo
1181 581 1260 647 nibil
1273 605 1329 668 per

237 686 407 765 fragmenta
429 687 633 768 epitomaaque
654 684 693 745 ad
712 706 767 747 ιιοι
787 690 937 767 pervenit,
959 698 994 749 ut
1012 690 1073 750 uiri
1091 709 1151 771 qua
1169 689 1329 768 singularia

238 790 358 850 forrum
379 789 570 850 (iaoeolinum
589 787 723 849 codicem
743 808 785 847 ex
804 790 910 848 intima
928 792 1053 851 Graecia
1071 794 1214 869 οουίιιεῑ,
1239 794 1329 851 tertio

239 892 297 951 icto
313 910 353 950 ex
363 888 444 972 Lydi
457 893 574 973 scriptio
587 892 650 951 fera
667 901 729 951 toto
746 911 925 952 careremus.
952 895 1149 974 nequeenim
1161 892 1329 955 audiendus

236 993 409 1072 Ducangius
428 994 560 1055 Glossar.
587 990 669 1051 med.
691 1002 721 1051 et
743 994 800 1053 inf.
820 995 980 1054 Graecitat.
999 995 1055 1055 cub
1074 1016 1105 1055 v.
1125 990 1330 1080 Σιλενειᾶριος

224 1096 369 1154 column.
385 1096 484 1171 1371,
516 1096 568 1154 ubi
582 1096 784 1175 fragmentum
800 1094 885 1155 affert
899 1115 940 1155 ex
954 1096 1030 1157 libro
1043 1096 1115 1182 περὶ
1128 1092 1230 1180 έρχοῖν
1241 1102 1329 1161 πολι-

237 1198 339 1259 τικοῖν.
382 1196 476 1256 istum
495 1198 576 1257 enim
595 1199 696 1258 locum
717 1196 850 1279 (opinor)
867 1217 908 1257 ex
921 1199 1075 1260 Lambeoii
1091 1199 1329 1261 anirnadreroio-

236 1298 326 1358 aribus
343 1296 383 1358 ad
394 1298 542 1359 (bodinum
562 1298 612 1361 ed.
624 1304 698 1381 Reg.
719 1321 750 1382 p.
767 1304 894 1366 208110.
912 1300 973 1366 154
984 1305 1105 1381 sumsit,
1127 1305 1180 1363 ubi
1192 1302 1268 1364 haec
1279 1305 1329 1363 le-

237 1410 363 1479 guntur:
384 1403 461 1460 ratio
475 1412 576 1461 autem
591 1405 721 1465 nominis
737 1402 969 1462 ailentr'oriorum
982 1406 1016 1463 ιἰι
1029 1408 1172 1486 excerptis
1184 1426 1219 1466 ιτ
1235 1407 1329 1467 Ιοαιι-

238 1506 286 1561 nio
300 1503 384 1583 Lydi
400 1500 476 1561 libro
495 1503 564 1586 περλ
587 1497 687 1586 ἆρχοῖν
705 1508 866 1568 πολιτικῶν
884 1503 959 1565 baec
974 1504 1120 1568 babetur:
1153 1505 1251 1575 λδέιιει
1272 1506 1330 1591 μέν

73 1632 102 1683 p.
126 1624 220 1666 mvnr
236 1604 341 1688 μηκέτι
354 1603 403 1669 έπλ
418 1599 546 1689 ἆγορᾶς,
568 1599 638 1669 ἄλλ’
657 1607 690 1673 έν
708 1610 751 1694 τῷ
765 1608 900 1692 παλατλρι
917 1604 974 1690 τὴν
992 1605 1108 1691 βουλιὶν
1125 1606 1328 1695 συνάγεσθαι·

236 1706 294 1791 τήν
314 1705 348 1772 δέ
369 1703 513 1789 τοιαύτην
534 1702 667 1774 ου’νοιλον
687 1707 853 1791 ιιομβέντον
867 1709 941 1785 έθος
953 1707 1108 1792 Ῥαραλοις
1121 1716 1238 1793 καλεῖν,
1259 1707 1334 1777 riori·

236 1816 294 1875 τοῦ
313 1809 496 1874 συνέλευσιν.
539 1814 625 1891 σιγῆς
653 1807 687 1875 tt
706 1817 771 1886 τοῖς
791 1816 913 1888 πολλοῖς
931 1812 1161 1895 βουλευομένοις
1180 1815 1235 1880 δεῖ.
1277 1810 1330 1880 διὰ

235 1917 325 1978 τοῦτο
345 1911 378 1976 έιι
396 1914 450 1993 τῆς
460 1909 530 1993 περλ
543 1906 600 1992 τήν
616 1909 705 1995 σιγεῖν
716 1914 854 1994 σπουδῆς
867 1913 1025 1994 (σιλέντιον
1038 1910 1071 1979 δ’
1089 1910 1185 1996 αιλετὶν
1197 1917 1330 2000 πατρίοις

235 2011 383 2097 ariorici)
405 2014 622 2097 σιλιντιαρλους
646 2013 768 2096 λιιριναν
787 2009 1089 2097 ὄνομάζιινάιέτοιές.
1130 2027 1253 2078 atvero
1275 2019 1330 2077 ille

234 2116 320 2179 locut
334 2136 396 2176 non
412 2118 483 2175 libri
499 2114 536 2176 de
550 2117 791 2197 magistratibus,
818 2116 956 2178 sedlibri
971 2116 1174 2179 <lobiensibus
1188 2129 1250 2197 est,
1279 2118 1329 2180 ed.

234 2217 356 2281 Schow.
369 2238 400 2299 p.
416 2221 455 2282 11
471 2240 499 2279 ο.
514 2222 553 2296 9;
574 2217 655 2281 unde
670 2222 805 2301 suspicor
815 2222 965 2303 imperato
980 2240 1015 2280 eo
1029 2222 1244 2303 repentinoque
1259 2222 1329 2281 libri

235 2319 274 2383 de
288 2322 510 2401 Magistratibm
528 2323 616 2383 titulo
636 2334 754 2403 praeter
770 2324 928 2384 veritatem
939 2344 972 2385 ιο
986 2325 1111 2386 iactasse
1123 2326 1329 2402 Lambeoiom‚

233 2444 334 2505 neque
345 2426 441 2505 magia
463 2426 510 2484 illi
524 2443 617 2507 quam
629 2426 753 2509 reliquie
769 2425 945 2487 mortalibus
958 2423 1049 2508 buius
1061 2427 1132 2487 libri
1148 2438 1329 2509 potestatem

234 2536 306 2587 tunc
319 2547 384 2587 esse
397 2528 519 2587 factam.
562 2528 678 2609 glossae
700 2541 803 2590 autem
817 2528 967 2612 quaedam
983 2549 1002 2588 a
1015 2531 1171 2608 Ducangio
1187 2531 1220 2587 iu
1231 2529 1328 2588 Lexi-

234 2649 291 2689 con
306 2630 482 2691 Graecitatis
496 2642 643 2711 receptae,
665 2651 742 2713 aque
758 2635 863 2693 roseio
878 2634 911 2691 irr
925 2633 1005 2691 notis
1018 2651 1050 2712 p·
1065 2635 1107 2696 22
1120 2642 1149 2690 et
1162 2629 1226 2696 214
1243 2651 1329 2692 com-

233 2742 434 2809 memoratae,
455 2752 524 2794 rere
540 2733 665 2815 quidem
679 2754 720 2794 ex
732 2735 810 2795 libro
824 2733 862 2795 de
876 2735 1100 2815 magistratibus
1112 2743 1251 2793 manant:
1272 2755 1329 2795 re-

234 2853 302 2913 rum
322 2854 373 2895 εει
393 2836 446 2917 qui
464 2838 544 2897 ooire
565 2839 662 2916 potuit
682 2835 753 2897 inde
775 2839 826 2899 rel
845 2839 968 2898 omnino
980 2834 1060 2918 Lydi
1073 2834 1161 2898 esaei
1183 2838 1328 2917 quoniam

233 2937 353 2995 nullum
366 2940 494 2998 auctoris
506 2957 618 2998 nomen
634 2937 771 2999 additum
786 2942 824 2999 iis
839 2949 895 3001 eet.
936 2960 993 2999 nec
1008 2950 1162 3019 praeterea
1174 2939 1207 2996 in
1217 2939 1327 2999 nostrie

235 3038 356 3097 Graecis
374 3038 524 3099 codicibus
538 3041 622 3120 (sunt
638 3053 740 3100 autem
759 3044 882 3101 omnino
898 3038 937 3100 ad
953 3052 1092 3121 quattuor
1112 3036 1212 3118 milia)
1226 3058 1327 3122 nequa

232 3140 266 3196 iu
277 3140 348 3198 ullis
362 3141 489 3198 aliarum
502 3139 750 3201 bibliothecarum
764 3144 902 3223 quamvis
918 3140 1049 3201 studiose
1065 3142 1197 3201 tractatis
1213 3142 1328 3201 catalo-

233 3241 281 3319 gis
292 3239 378 3320 Lydo
391 3243 492 3299 irrreai
510 3243 601 3301 tribui
615 3245 776 3326 quicquam
793 3241 876 3324 quod
892 3242 1017 3325 quidem
1029 3242 1069 3303 ad
1080 3244 1193 3302 librum
1206 3240 1244 3301 de
1258 3246 1328 3301 Μα-

233 3345 405 3421 gistrotibus
417 3347 588 3424 pertineret,
603 3358 721 3425 praeter
734 3366 845 3426 paucos
858 3348 1021 3407 versiculos
1032 3348 1065 3405 in
1079 3344 1146 3407 cod.
1159 3348 1234 3423 mg.
1246 3349 1327 3409 1630

235 3446 324 3525 (olim
338 3449 421 3513 2216
441 3458 470 3507 et
488 3446 601 3526 3502),
622 3448 676 3507 fol.
694 3450 755 3513 100
769 3470 866 3521 verro,
886 3451 1044 3529 imeriptoo
1057 3442 1110 3511 Ἐιι
1121 3451 1176 3527 τῆς
1192 3446 1327 3528 λστορλας

232 3540 372 3611 Ἰωάννου
386 3553 441 3613 τοῦ
455 3547 674 3628 Φιλαλελφέοος.
718 3550 771 3630 qui
790 3561 860 3610 sunt
879 3548 1070 3610 huiusmodi:
1100 3546 1177 3628 φασλ
1197 3543 1255 3631 γολρ
1268 3543 1327 3629 τήν

235 3649 367 3729 Νέμεσιν
383 3649 419 3713 cri
432 3648 572 3735 γλαφυροῒ
586 3656 646 3713 τοῖν
660 3644 845 3733 πραγμάτων
858 3653 902 3726 εἰς
914 3647 948 3716 τὸ
963 3651 1090 3734 ἔμπαλιν
1102 3647 1235 3732 τρέπειν,
1259 3654 1327 3725 ταῖς

104 3778 132 3830 p.
149 3776 219 3816 xm
236 3751 417 3835 ὑπερβολαῖς
430 3759 484 3835 τῆς
496 3750 604 3836 τιν’χης,
626 3748 668 3828 ὥς
683 3771 759 3833 φησι
772 3746 959 3835 Νουμήνιος,
979 3756 1022 3839 τῷ
1036 3751 1146 3834 έαυτῆς
1160 3756 1256 3838 τροχῷ
1268 3748 1327 3833 τήν

234 3851 355 3935 ἰσότητα
374 3853 555 3940 ἐπάγουσαν.
606 3851 682 3921 ὅθεν
705 3852 724 3920 o‘
746 3847 915 3935 Μεσόδμης
930 3849 1010 3918 οὕτω
1033 3877 1098 3928 ποις
1116 3850 1191 3938 πρὸς
1213 3848 1325 3934 αέτήν·

230 3955 302 4022 ‘Turi
316 3955 370 4023 σου
381 3952 485 4039 τροχὸν
501 3955 638 4038 ἄστατον,
655 3953 773 4038 α’στιβῆ,
794 3954 911 4037 χαροποὶ
923 3950 1062 4038 μερόπων
1074 3954 1230 4038 στρέφεται
1241 3951 1325 4037 τύχα.

232 4080 360 4142 quorum
379 4062 514 4120 locorum
533 4063 664 4139 priorem
680 4060 826 4148 Numenii
835 4058 1027 4140 Pythagorici
1046 4061 1171 4119 arbitror
1192 4056 1244 4137 (da
1262 4078 1323 4139 quo

234 4166 351 4223 Harles.
363 4164 441 4221 Bibl.
456 4163 507 4221 Gr.
523 4163 583 4221 vol.
602 4164 620 4225 1
635 4183 667 4242 p.
682 4160 745 4227 854
760 4170 790 4219 et
804 4161 865 4219 rol.
879 4167 899 4226 3
915 4183 946 4242 p.
965 4160 1038 4243 179)
1053 4158 1166 4241 aLydo
1180 4162 1270 4218 etiam
1284 4159 1324 4221 de

233 4266 565 4346 Monsib.part.3c.11
581 4283 612 4342 p·
621 4262 662 4327 45
681 4268 719 4328 16
736 4267 970 4324 commemorati.
1012 4262 1155 4345 postremi
1167 4280 1271 4320 versuo
1283 4282 1325 4322 ex

156 4379 159 4388 '
233 4366 414 4429 Mesomedis
434 4370 497 4427 sire
518 4364 685 4425 Mecodemi
705 4368 768 4426 sire
786 4364 961 4426 Meoimedis
984 4368 1047 4425 cire
1066 4362 1238 4425 Mesodmae
1260 4364 1325 4445 (tot
