3125 4959
258 432 355 480 xxxn
561 411 671 483 HlSll
688 414 746 481 DE
764 414 922 484 IOANNE
942 416 1060 484 LYDO

258 610 387 675 emenda
407 608 459 676 riv
483 607 613 695 σελήνης
627 610 713 680 οἷκον
726 611 899 691 ἐπιλέξαιτο.
941 617 996 678 lin.
1011 614 1076 681 let
1091 615 1112 681 5
1126 608 1201 679 ὥστε
1215 608 1278 679 οἶκοί
1292 612 1351 677 τοῦ

257 722 293 793 Θ
317 714 370 780 καί
394 714 529 779 ἐνταῦθα
553 712 612 799 τήν
634 714 788 800 ἐφήμερον
818 712 878 781 derb
903 721 959 800 τῆς
982 722 1161 800 σεληνιακῆς
1183 717 1351 797 νουμηνίας

257 816 334 881 κακαί
345 812 420 893 τούς
436 816 632 899 σείηνιακοΰς
645 824 743 903 μῆνας
760 814 932 901 ίειυόμτθα
948 825 1009 885 τῶν
1023 813 1160 905 βροντῶν
1174 818 1349 894 intonsas.-

257 918 386 979 cmcnda
406 914 481 987 dors
502 915 564 987 duo*
583 926 640 987 rori
657 922 804 1004 καρκίνον
826 922 879 985 καί
895 921 1032 988 ίνταιίθα
1045 920 1102 1005 τήν
1116 918 1270 1004 ἐφήμερον
1287 911 1350 983 abro'

255 1026 311 1107 τῆς
325 1027 504 1104 σεληνιακῆς
516 1026 685 1107 νουμηνίας
696 1018 961 1107 διακοσμήσαντες,
980 1021 1057 1090 κατὰ
1071 1020 1145 1100 roric
1154 1018 1352 1105 σεληνιακονίς

255 1130 358 1208 μῆνας
375 1122 541 1207 ληψόμεθα
558 1131 621 1190 τοῖν
640 1128 777 1209 βροντῶν
796 1124 853 1208 τήν
868 1128 1039 1207 ἐπίσκεψιν.
1080 1148 1137 1186 nec
1148 1129 1267 1188 saniora
1279 1133 1349 1184 sunt

254 1248 334 1310 quae
354 1240 536 1310 sequuntur:
571 1239 606 1287 ut
627 1227 797 1309 ephemeris
814 1231 886 1306 illa,
921 1228 1177 1311 quemadmodum
1201 1240 1247 1289 est
1266 1224 1349 1307 apud

254 1332 464 1411 Rutgersium,
484 1350 546 1389 uon
560 1340 623 1389 tam
637 1351 708 1390 vera
721 1330 801 1412 Lydi
813 1351 869 1390 nec
881 1351 1023 1411 gennano
1040 1351 1133 1415 quarn
1145 1331 1248 1394 vitiata
1260 1350 1350 1411 pror-

255 1452 307 1493 sus
319 1444 349 1491 et
362 1431 529 1491 adulterina
540 1450 606 1489 esse
617 1435 726 1491 merito
738 1436 776 1492 sit
790 1432 934 1513 putanda.

192 1537 236 1601 23
341 1514 463 1592 Tertius
486 1543 587 1591 autem
613 1531 652 1592 ad
676 1532 864 1613 vulgandum
883 1534 964 1616 Lydi
992 1535 1109 1620 aliquid
1128 1556 1161 1598 se
1187 1533 1350 1616 applicavit

254 1637 418 1695 acerrimus
435 1631 617 1693 ineditorum
631 1635 775 1693 librorum
788 1637 996 1717 investigator,
1024 1642 1089 1698 heo
1103 1640 1232 1699 Allatius
1244 1635 1348 1713 chius,

256 1758 326 1797 curn
339 1735 507 1797 Alexandri
517 1756 563 1795 vn
574 1736 749 1817 ponfificatu
760 1737 975 1797 bibliothecam
987 1740 1163 1799 Vaticanum
1175 1739 1349 1801 custodiret.

256 1842 283 1901 is
297 1851 327 1901 et
343 1842 488 1901 maiorem
504 1840 654 1919 epitomen
667 1839 737 1897 libri
752 1837 791 1897 de
805 1840 959 1900 Mentibus
975 1842 1009 1898 iu
1029 1839 1096 1901 cod.
1107 1841 1270 1901 Barbarinc
1287 1845 1349 1905 177

160 1968 189 2021 p.
197 1966 240 2005 nu
257 1937 333 2026 (yid.
348 1964 438 2023 snpra
454 1964 486 2023 p.
501 1939 615 2021 xxxvi)
630 1944 663 1999 in
674 1942 815 2000 matribus
828 1940 947 2001 videtur
958 1940 1117 2018 habuisse3
1142 1955 1172 2003 et
1187 1954 1349 2025 postquam

256 2044 470 2106 bibliothecam
481 2046 648 2103 Palatinam
667 2043 868 2125 Heidelberga
886 2046 922 2102 in
941 2046 1048 2104 nrbem
1067 2047 1131 2127 ipse
1147 2045 1348 2118 transtulerat,

255 2152 403 2207 minorem
419 2145 586 2207 aPlanude
602 2148 712 2205 factam
725 2145 968 2207 incd.Palat1no
985 2146 1066 2223 1413
1095 2167 1151 2206 nec
1165 2148 1266 2229 mistus
1283 2144 1350 2225 pri-

254 2270 341 2309 mum
353 2260 383 2309 et
394 2252 515 2309 tertium
527 2250 730 2329 fragmentum
742 2251 812 2309 libri
825 2248 863 2310 de
877 2251 1024 2325 Ostende,
1045 2251 1189 2309 nimirum
1203 2245 1350 2327 epheme-

255 2349 353 2411 ridem
373 2349 487 2431 NIgidii
506 2353 607 2432 Figuli
620 2354 653 2410 in
666 2354 804 2413 Palatino
817 2358 897 2430 312,
918 2351 1128 2413 kalendarium
1145 2353 1192 2411 cl.
1207 2352 1302 2412 Tusci
1315 2352 1349 2410 ln

254 2455 417 2533 Barberino
440 2460 512 2522 177.
565 2474 641 2538 quae
665 2476 703 2514 an
725 2458 825 2516 omnia
847 2454 935 2515 edere
954 2458 1100 2532 voluerit,
1127 2475 1189 2515 non
1214 2462 1348 2513 constatt

134 2616 135 2619 ,
254 2560 400 2616 maiorem
420 2559 572 2638 epitomen
593 2557 664 2617 libri
684 2556 723 2618 de
738 2559 893 2618 Mentibus
916 2560 1048 2623 voluisse
1064 2556 1178 2618 indicat
1195 2555 1348 2615 indiculus

254 2660 438 2741 Συμμίκτων
458 2661 537 2734 eins,
565 2659 602 2718 ab
618 2660 737 2721 Andrea
751 2660 936 2721 Peschiullio
947 2662 1060 2721 llomae
1075 2662 1173 2735 1668,
1201 2659 1237 2735 l,
1266 2658 1347 2717 foras
1414 2663 1417 2667 ’

255 2757 352 2835 datus,
369 2782 387 2819 a
399 2760 594 2843 Fabricioque
610 2783 730 2823 recusus
743 2766 822 2823 Bibl.
838 2766 888 2829 Gr.
901 2765 963 2823 vol.
980 2763 1020 2827 14
1033 2784 1065 2843 p.
1079 2763 1209 2836 1-213
1230 2762 1284 2819 nbi
1297 2762 1349 2819 in-

253 2870 300 2919 ter
322 2879 358 2918 ea
379 2863 486 2941 quibus
507 2865 617 2923 librum
630 2877 770 2947 quartum
784 2868 1018 2945 Symmictornm
1029 2866 1190 2924 terminare
1204 2871 1348 2922 statuerat

254 2964 400 3036 Alienus,
437 2969 623 3041 reperiuntur
648 2990 680 3049 p.
699 2974 719 3036 fi
739 2990 790 3029 no.
807 2967 849 3035 46
873 2964 936 3028 “ex
952 2970 1068 3028 Ioanne
1087 2964 1349 3043 Plrilodelplsiemi

255 3076 404 3143 excerpta,
425 3065 486 3121 inv·
507 3060 625 3147 Ὀρθῶς
643 3068 703 3153 ἄρα
721 3072 753 3135 ol
770 3068 808 3135 rai
826 3065 1008 3152 μυθικαῖτὸν
1022 3062 1142 3150 Κρόνον
1154 3064 1225 3141 τους
1237 3063 1348 3129 ἑαυτοῦ

253 3164 405 3241 παῖδας·”
426 3165 509 3247 quod
526 3189 591 3229 esse
604 3173 722 3231 initium
737 3175 858 3233 maioris
872 3175 953 3232 illius
969 3175 1116 3254 epitomae
1129 3192 1161 3251 p.
1176 3190 1277 3229 xxxrr
1291 3168 1348 3229 do'·

253 3270 494 3329 monstravimus.
521 3268 576 3330 sed
584 3270 693 3331 Allaria
703 3291 730 3330 a.
742 3278 822 3339 1669
833 3287 901 3355 post
909 3276 1139 3336 laboriosissime
1147 3285 1245 3333 actam
1252 3269 1346 3333 vitam

254 3374 420 3446 exstincto,
448 3390 548 3431 marsus
569 3390 666 3430 crassa
686 3372 836 3453 quaedam
852 3381 1011 3438 vaticanae
1032 3376 1230 3436 bibliothecae
1249 3376 1346 3436 offusa

180 3530 182 3534 ,
256 3474 353 3551 caligo
367 3484 436 3549 ests
450 3472 532 3555 qnod
545 3475 596 3557 qui
610 3474 638 3530 ei
653 3458 791 3551 proxime
803 3454 1023 3557 successerunt,
1045 3483 1071 3540 si
1087 3482 1187 3538 minus
1202 3499 1220 3536 a
1234 3477 1345 3539 doctri-

253 3592 311 3647 na,
334 3586 412 3634 certe
428 3576 466 3634 ab
479 3575 625 3635 industria
638 3576 702 3634 eius
719 3571 848 3636 multum
862 3580 1000 3653 aberant3
1028 3602 1085 3641 nec
1098 3582 1152 3640 illa
1164 3581 1197 3637 in
1210 3588 1276 3638 octo
1287 3598 1345 3658 pc·

254 3676 392 3736 steriores
403 3678 637 3756 Symmictorum
650 3681 741 3739 libros
755 3680 910 3742 referenda
924 3682 964 3741 ad
978 3684 1037 3747 175
1053 3694 1115 3741 tam
1129 3684 1241 3739 Graeca
1252 3700 1345 3763 quarn

253 3778 360 3836 Latina
377 3782 536 3857 opuscula,
559 3800 688 3862 quorum
698 3785 842 3867 pleraque
854 3805 893 3843 ne
905 3782 996 3842 hodie
1009 3782 1131 3864 quidem
1144 3784 1244 3842 lucem
1257 3781 1345 3841 ride-

254 3890 323 3939 runt
335 3899 391 3938 nec
405 3901 539 3962 unquam
552 3884 713 3961 videbunt,
736 3898 802 3946 tum
817 3897 886 3946 sunt
897 3908 914 3945 e
927 3888 1102 3946 scriniormn
1115 3887 1244 3969 tenebris
1256 3886 1293 3944 ab
1308 3905 1346 3945 eo

143 4007 170 4059 p.
184 4003 237 4043 nur
255 3992 348 4041 eruta.
392 3984 465 4041 item
485 3986 684 4047 instrumento
707 3990 839 4049 literario
859 3992 922 4049 eins
940 3986 1145 4071 inchoatisque
1159 3998 1345 4049 commenta-

253 4087 315 4160 riis,
338 4086 390 4166 qui
407 4096 492 4144 eraut
503 4106 614 4166 magno
629 4110 770 4167 rrnmero,
793 4094 903 4152 infesta
915 4089 1057 4172 posthaec
1067 4091 1264 4163 fortunafuit,
1285 4090 1344 4148 nisi

253 4190 279 4247 si
297 4208 373 4269 quos
388 4190 498 4247 literati
511 4192 569 4248 riri
585 4192 622 4249 ab
636 4194 758 4253 interitu
770 4193 1011 4269 vindicaverunt,
1040 4195 1122 4253 velut
1137 4189 1343 4272 apographum

252 4292 402 4369 epitomae
417 4290 571 4372 Lydianae
584 4294 622 4352 ab
635 4275 670 4353 eo
686 4296 815 4372 factu1n3
845 4296 928 4379 quod
941 4307 978 4355 .et
992 4295 1067 4365 vidit
1078 4300 1189 4355 Romae
1203 4283 1343 4354 Nicolans

253 4392 373 4471 Schow,
395 4405 425 4455 et
440 4391 478 4453 ad
496 4393 659 4457 editionem
672 4398 741 4456 libri
755 4398 794 4458 de
807 4402 961 4460 lllensibus
977 4410 1055 4459 recte
1070 4398 1216 4457 adlribuit.
