<?xml version="1.0" encoding="UTF-8"?>
<!DOCTYPE html PUBLIC "-//W3C//DTD XHTML 1.0 Transitional//EN"
    "http://www.w3.org/TR/xhtml1/DTD/xhtml1-transitional.dtd">
<html xmlns="http://www.w3.org/1999/xhtml" xml:lang="en" lang="en">
 <head>
  <title>
</title>
<meta http-equiv="Content-Type" content="text/html;charset=utf-8" />
  <meta name='ocr-system' content='tesseract 3.04.00' />
  <meta name='ocr-capabilities' content='ocr_page ocr_carea ocr_par ocr_line ocrx_word'/>
</head>
<body>
  <div class='ocr_page' id='page_1' title='image "./corpusscriptoru25theogoog_0288.png"; bbox 0 0 3125 4959; ppageno 0'>
   <div class='ocr_carea' id='block_1_1' title="bbox 243 419 940 496">
    <p class='ocr_par' dir='ltr' id='par_1_1' title="bbox 243 419 940 496">
     <span class='ocr_line' id='line_1_1' title="bbox 243 419 940 496; baseline -0.009 0"><span class='ocrx_word' id='word_1_1' title='bbox 243 425 319 496; x_wconf 74' lang='lat'><strong><em>212</em></strong></span> <span class='ocrx_word' id='word_1_2' title='bbox 640 420 812 491; x_wconf 80' lang='lat' dir='ltr'>lOANNlS</span> <span class='ocrx_word' id='word_1_3' title='bbox 835 419 940 490; x_wconf 83' lang='lat' dir='ltr'>LYDI</span> 
     </span>
    </p>
   </div>
   <div class='ocr_carea' id='block_1_2' title="bbox 233 590 1408 2426">
    <p class='ocr_par' dir='ltr' id='par_1_2' title="bbox 233 590 1408 2426">
     <span class='ocr_line' id='line_1_2' title="bbox 242 590 1335 685; baseline -0.005 -21"><span class='ocrx_word' id='word_1_4' title='bbox 242 593 343 685; x_wconf 86' lang='grc' dir='ltr'><strong><em>νόμῳ,</em></strong></span> <span class='ocrx_word' id='word_1_5' title='bbox 367 594 421 662; x_wconf 86' lang='grc' dir='ltr'><strong><em>τόν</em></strong></span> <span class='ocrx_word' id='word_1_6' title='bbox 442 593 692 682; x_wconf 86' lang='grc' dir='ltr'><strong><em>κομμενταρίσιον</em></strong></span> <span class='ocrx_word' id='word_1_7' title='bbox 712 590 932 683; x_wconf 86' lang='grc' dir='ltr'><strong><em>μυστογρόφον</em></strong></span> <span class='ocrx_word' id='word_1_8' title='bbox 950 591 1115 679; x_wconf 73' lang='grc' dir='ltr'><strong><em>λαμβάνων</em></strong></span> <span class='ocrx_word' id='word_1_9' title='bbox 1133 591 1170 660; x_wconf 75' lang='grc' dir='ltr'><strong><em>τό</em></strong></span> <span class='ocrx_word' id='word_1_10' title='bbox 1187 591 1335 681; x_wconf 98' lang='grc' dir='ltr'><strong><em>πρακτέον</em></strong></span> 
     </span>
     <span class='ocr_line' id='line_1_3' title="bbox 243 694 1336 786; baseline -0.005 -20"><span class='ocrx_word' id='word_1_11' title='bbox 243 700 399 785; x_wconf 71' lang='grc' dir='ltr'><strong><em>ἐπέτρεπεν</em></strong></span> <span class='ocrx_word' id='word_1_12' title='bbox 422 694 516 786; x_wconf 74' lang='grc' dir='ltr'><strong><em>αότῷ.</em></strong></span> <span class='ocrx_word' id='word_1_13' title='bbox 565 695 583 763; x_wconf 83' lang='grc' dir='ltr'><strong><em>ἀ</em></strong></span> <span class='ocrx_word' id='word_1_14' title='bbox 609 698 643 763; x_wconf 85' lang='grc' dir='ltr'><strong><em>δέ</em></strong></span> <span class='ocrx_word' id='word_1_15' title='bbox 667 704 738 763; x_wconf 89' lang='grc' dir='ltr'><strong><em>λ...</em></strong></span> <span class='ocrx_word' id='word_1_16' title='bbox 760 699 813 763; x_wconf 83' lang='grc' dir='ltr'><strong><em>τὸν</em></strong></span> <span class='ocrx_word' id='word_1_17' title='bbox 834 696 1014 765; x_wconf 89' lang='grc' dir='ltr'><strong><em>πιστότατον</em></strong></span> <span class='ocrx_word' id='word_1_18' title='bbox 1035 697 1103 784; x_wconf 75' lang='grc' dir='ltr'><strong><em>ἅμα</em></strong></span> <span class='ocrx_word' id='word_1_19' title='bbox 1121 723 1262 782; x_wconf 81' lang='grc' dir='ltr'><strong><em>...μενον</em></strong></span> <span class='ocrx_word' id='word_1_20' title='bbox 1274 702 1336 762; x_wconf 83' lang='grc' dir='ltr'><strong><em>τών</em></strong></span> 
     </span>
     <span class='ocr_line' id='line_1_4' title="bbox 242 796 1335 889; baseline -0.005 -20"><span class='ocrx_word' id='word_1_21' title='bbox 242 805 359 870; x_wconf 75' lang='grc' dir='ltr'><strong><em>οἰκείων</em></strong></span> <span class='ocrx_word' id='word_1_22' title='bbox 375 803 607 889; x_wconf 81' lang='grc' dir='ltr'><strong><em>χαρτουλαρίων</em></strong></span> <span class='ocrx_word' id='word_1_23' title='bbox 626 801 817 887; x_wconf 83' lang='grc' dir='ltr'><strong><em>παραλαβών</em></strong></span> <span class='ocrx_word' id='word_1_24' title='bbox 834 802 911 884; x_wconf 74' lang='grc' dir='ltr'><strong><em>μεθ’</em></strong></span> <span class='ocrx_word' id='word_1_25' title='bbox 930 801 1040 868; x_wconf 71' lang='grc' dir='ltr'><strong><em>ἑαυτοῦ</em></strong></span> <span class='ocrx_word' id='word_1_26' title='bbox 1048 850 1058 881; x_wconf 84' lang='grc'><strong><em>,</em></strong></span> <span class='ocrx_word' id='word_1_27' title='bbox 1080 800 1245 887; x_wconf 74' lang='grc' dir='ltr'><strong><em>ἀπηγόρευε</em></strong></span> <span class='ocrx_word' id='word_1_28' title='bbox 1258 796 1335 864; x_wconf 87' lang='grc' dir='ltr'><strong><em>Ῥω-</em></strong></span> 
     </span>
     <span class='ocr_line' id='line_1_5' title="bbox 242 897 1336 993; baseline -0.005 -22"><span class='ocrx_word' id='word_1_29' title='bbox 242 911 361 990; x_wconf 89' lang='grc' dir='ltr'><strong><em>μαῖκών</em></strong></span> <span class='ocrx_word' id='word_1_30' title='bbox 381 901 645 993; x_wconf 81' lang='grc' dir='ltr'><strong><em>ἀγκώνρημάτων</em></strong></span> <span class='ocrx_word' id='word_1_31' title='bbox 667 904 703 970; x_wconf 85' lang='grc' dir='ltr'><strong><em>τό</em></strong></span> <span class='ocrx_word' id='word_1_32' title='bbox 727 908 911 990; x_wconf 76' lang='grc' dir='ltr'><strong><em>σ...θημα,</em></strong></span> <span class='ocrx_word' id='word_1_33' title='bbox 1005 897 1075 970; x_wconf 80' lang='grc' dir='ltr'><strong><em>ὦπα</em></strong></span> <span class='ocrx_word' id='word_1_34' title='bbox 1092 913 1154 971; x_wconf 80' lang='grc' dir='ltr'><strong><em>τῶν</em></strong></span> <span class='ocrx_word' id='word_1_35' title='bbox 1171 905 1205 968; x_wconf 88' lang='grc' dir='ltr'><strong><em>έκ</em></strong></span> <span class='ocrx_word' id='word_1_36' title='bbox 1222 901 1336 980; x_wconf 80' lang='grc' dir='ltr'><strong><em>τάξεως</em></strong></span> 
     </span>
     <span class='ocr_line' id='line_1_6' title="bbox 242 1005 1361 1096; baseline -0.006 -20"><span class='ocrx_word' id='word_1_37' title='bbox 242 1005 452 1096; x_wconf 72' lang='grc' dir='ltr'><strong><em>πιστικωτάτιρ</em></strong></span> <span class='ocrx_word' id='word_1_38' title='bbox 466 1005 532 1091; x_wconf 78' lang='grc' dir='ltr'><strong><em>ἅμα</em></strong></span> <span class='ocrx_word' id='word_1_39' title='bbox 546 1011 598 1072; x_wconf 77' lang='grc' dir='ltr'><strong><em>καλ</em></strong></span> <span class='ocrx_word' id='word_1_40' title='bbox 617 1009 811 1094; x_wconf 75' lang='grc' dir='ltr'><strong><em>διαπρέποντι</em></strong></span> <span class='ocrx_word' id='word_1_41' title='bbox 833 1005 1076 1087; x_wconf 82' lang='grc' dir='ltr'><strong><em>καταπιστεόων,</em></strong></span> <span class='ocrx_word' id='word_1_42' title='bbox 1099 1006 1200 1093; x_wconf 81' lang='grc' dir='ltr'><strong><em>ώσπερ</em></strong></span> <span class='ocrx_word' id='word_1_43' title='bbox 1216 1012 1361 1088; x_wconf 76' lang='grc' dir='ltr'><strong><em>ποηνῶν5</em></strong></span> 
     </span>
     <span class='ocr_line' id='line_1_7' title="bbox 241 1096 1338 1200; baseline -0.005 -22"><span class='ocrx_word' id='word_1_44' title='bbox 241 1112 296 1179; x_wconf 84' lang='grc' dir='ltr'><strong><em>τόν</em></strong></span> <span class='ocrx_word' id='word_1_45' title='bbox 310 1096 569 1198; x_wconf 86' lang='grc' dir='ltr'><strong><em>ἀγανακτόόμενον</em></strong></span> <span class='ocrx_word' id='word_1_46' title='bbox 580 1119 731 1197; x_wconf 84' lang='grc' dir='ltr'><strong><em>παριστάν</em></strong></span> <span class='ocrx_word' id='word_1_47' title='bbox 745 1120 789 1200; x_wconf 77' lang='grc' dir='ltr'><strong><em>τῷ</em></strong></span> <span class='ocrx_word' id='word_1_48' title='bbox 799 1109 929 1196; x_wconf 77' lang='grc' dir='ltr'><strong><em>βήματι.</em></strong></span> <span class='ocrx_word' id='word_1_49' title='bbox 963 1119 1019 1196; x_wconf 81' lang='grc' dir='ltr'><strong><em>τῆς</em></strong></span> <span class='ocrx_word' id='word_1_50' title='bbox 1033 1113 1067 1177; x_wconf 87' lang='grc' dir='ltr'><strong><em>δέ</em></strong></span> <span class='ocrx_word' id='word_1_51' title='bbox 1076 1113 1234 1194; x_wconf 74' lang='grc' dir='ltr'><strong><em>βασιλείας</em></strong></span> <span class='ocrx_word' id='word_1_52' title='bbox 1246 1111 1338 1173; x_wconf 76' lang='grc' dir='ltr'><strong><em>ἐπιει-</em></strong></span> 
     </span>
     <span class='ocr_line' id='line_1_8' title="bbox 243 1205 1339 1301; baseline -0.007 -19"><span class='ocrx_word' id='word_1_53' title='bbox 243 1205 325 1292; x_wconf 83' lang='grc' dir='ltr'><strong><em>κείόις</em></strong></span> <span class='ocrx_word' id='word_1_54' title='bbox 344 1217 395 1280; x_wconf 77' lang='grc' dir='ltr'><strong><em>καὶ</em></strong></span> <span class='ocrx_word' id='word_1_55' title='bbox 413 1221 468 1299; x_wconf 80' lang='grc' dir='ltr'><strong><em>τῆς</em></strong></span> <span class='ocrx_word' id='word_1_56' title='bbox 486 1221 547 1280; x_wconf 84' lang='grc' dir='ltr'><strong><em>τῶν</em></strong></span> <span class='ocrx_word' id='word_1_57' title='bbox 560 1211 714 1301; x_wconf 80' lang='grc' dir='ltr'><strong><em>ἀρχόντων</em></strong></span> <span class='ocrx_word' id='word_1_58' title='bbox 726 1213 769 1280; x_wconf 85' lang='grc' dir='ltr'><strong><em>έτι</em></strong></span> <span class='ocrx_word' id='word_1_59' title='bbox 785 1218 853 1300; x_wconf 76' lang='grc' dir='ltr'><strong><em>περὶ</em></strong></span> <span class='ocrx_word' id='word_1_60' title='bbox 870 1217 942 1293; x_wconf 70' lang='grc' dir='ltr'><strong><em>τοὺς</em></strong></span> <span class='ocrx_word' id='word_1_61' title='bbox 956 1212 1109 1299; x_wconf 80' lang='grc' dir='ltr'><strong><em>ὖπηκόοος</em></strong></span> <span class='ocrx_word' id='word_1_62' title='bbox 1120 1219 1250 1299; x_wconf 76' lang='grc' dir='ltr'><strong><em>στοργῆς</em></strong></span> <span class='ocrx_word' id='word_1_63' title='bbox 1262 1234 1339 1294; x_wconf 90' lang='grc' dir='ltr'><strong><em>συγ-</em></strong></span> 
     </span>
     <span class='ocr_line' id='line_1_9' title="bbox 240 1310 1340 1404; baseline -0.005 -21"><span class='ocrx_word' id='word_1_64' title='bbox 240 1314 363 1403; x_wconf 77' lang='grc' dir='ltr'><strong><em>γνώμης</em></strong></span> <span class='ocrx_word' id='word_1_65' title='bbox 396 1317 546 1394; x_wconf 80' lang='grc' dir='ltr'><strong><em>ἀξιουσών</em></strong></span> <span class='ocrx_word' id='word_1_66' title='bbox 572 1317 646 1393; x_wconf 84' lang='grc' dir='ltr'><strong><em>τοάς</em></strong></span> <span class='ocrx_word' id='word_1_67' title='bbox 672 1319 948 1404; x_wconf 74' lang='grc' dir='ltr'><strong><em>ααταρρηθέντας,Ι</em></strong></span> <span class='ocrx_word' id='word_1_68' title='bbox 976 1319 1055 1395; x_wconf 78' lang='grc' dir='ltr'><strong><em>ελκός</em></strong></span> <span class='ocrx_word' id='word_1_69' title='bbox 1077 1310 1117 1402; x_wconf 80' lang='grc' dir='ltr'><strong><em>ἦν</em></strong></span> <span class='ocrx_word' id='word_1_70' title='bbox 1136 1316 1191 1382; x_wconf 85' lang='grc' dir='ltr'><strong><em>τόν</em></strong></span> <span class='ocrx_word' id='word_1_71' title='bbox 1215 1316 1340 1380; x_wconf 71' lang='grc' dir='ltr'><strong><em>ἐλευθε-</em></strong></span> 
     </span>
     <span class='ocr_line' id='line_1_10' title="bbox 242 1415 1378 1508; baseline -0.003 -22"><span class='ocrx_word' id='word_1_72' title='bbox 242 1418 391 1508; x_wconf 87' lang='grc' dir='ltr'><strong><em>ροόμενον</em></strong></span> <span class='ocrx_word' id='word_1_73' title='bbox 411 1420 602 1508; x_wconf 69' lang='grc' dir='ltr'><strong><em>εὐχαριστίας</em></strong></span> <span class='ocrx_word' id='word_1_74' title='bbox 623 1419 671 1485; x_wconf 80' lang='grc' dir='ltr'><strong><em>δι’</em></strong></span> <span class='ocrx_word' id='word_1_75' title='bbox 694 1421 795 1487; x_wconf 78' lang='grc' dir='ltr'><strong><em>αὐτῶν</em></strong></span> <span class='ocrx_word' id='word_1_76' title='bbox 816 1427 878 1487; x_wconf 77' lang='grc' dir='ltr'><strong><em>τών</em></strong></span> <span class='ocrx_word' id='word_1_77' title='bbox 898 1421 995 1508; x_wconf 81' lang='grc' dir='ltr'><strong><em>έργων</em></strong></span> <span class='ocrx_word' id='word_1_78' title='bbox 1016 1431 1080 1499; x_wconf 81' lang='grc' dir='ltr'><strong><em>τοῖς</em></strong></span> <span class='ocrx_word' id='word_1_79' title='bbox 1096 1420 1204 1505; x_wconf 81' lang='grc' dir='ltr'><strong><em>μέσας</em></strong></span> <span class='ocrx_word' id='word_1_80' title='bbox 1224 1415 1339 1500; x_wconf 75' lang='grc' dir='ltr'><strong><em>ὁμολο-</em></strong></span> <span class='ocrx_word' id='word_1_81' title='bbox 1376 1474 1378 1478; x_wconf 96' lang='grc'>.</span> 
     </span>
     <span class='ocr_line' id='line_1_11' title="bbox 240 1524 1381 1609; baseline -0.009 -21"><span class='ocrx_word' id='word_1_82' title='bbox 240 1531 362 1609; x_wconf 82' lang='grc' dir='ltr'><strong><em>γεῖν...</em></strong></span> <span class='ocrx_word' id='word_1_83' title='bbox 1347 1524 1381 1580; x_wconf 78' lang='lat'><strong><em>10</em></strong></span> 
     </span>
     <span class='ocr_line' id='line_1_12' title="bbox 348 1617 1342 1716; baseline -0.013 -20"><span class='ocrx_word' id='word_1_84' title='bbox 348 1623 406 1696; x_wconf 83' lang='lat'><strong><em>19·</em></strong></span> <span class='ocrx_word' id='word_1_85' title='bbox 456 1625 522 1690; x_wconf 72' lang='grc' dir='ltr'><strong><em>Καί</em></strong></span> <span class='ocrx_word' id='word_1_86' title='bbox 538 1628 670 1706; x_wconf 81' lang='grc' dir='ltr'><strong><em>συνῆπτο</em></strong></span> <span class='ocrx_word' id='word_1_87' title='bbox 685 1623 795 1706; x_wconf 85' lang='grc' dir='ltr'><strong><em>σχεδόν</em></strong></span> <span class='ocrx_word' id='word_1_88' title='bbox 808 1630 853 1716; x_wconf 70' lang='grc' dir='ltr'><strong><em>τῷ</em></strong></span> <span class='ocrx_word' id='word_1_89' title='bbox 862 1625 988 1713; x_wconf 81' lang='grc' dir='ltr'><strong><em>σκρινίηι</em></strong></span> <span class='ocrx_word' id='word_1_90' title='bbox 1000 1631 1063 1692; x_wconf 83' lang='grc' dir='ltr'><strong><em>τῶν</em></strong></span> <span class='ocrx_word' id='word_1_91' title='bbox 1079 1622 1232 1708; x_wconf 89' lang='grc' dir='ltr'><strong><em>κομίντων</em></strong></span> <span class='ocrx_word' id='word_1_92' title='bbox 1248 1617 1265 1687; x_wconf 80' lang='grc' dir='ltr'><strong><em>ό</em></strong></span> <span class='ocrx_word' id='word_1_93' title='bbox 1282 1645 1342 1684; x_wconf 90' lang='grc' dir='ltr'><strong><em>κα-</em></strong></span> 
     </span>
     <span class='ocr_line' id='line_1_13' title="bbox 242 1722 1408 1813; baseline -0.006 -19"><span class='ocrx_word' id='word_1_94' title='bbox 242 1723 387 1809; x_wconf 83' lang='grc' dir='ltr'><strong><em>λοόμενος</em></strong></span> <span class='ocrx_word' id='word_1_95' title='bbox 411 1722 694 1812; x_wconf 77' lang='grc' dir='ltr'><strong><em>λνστρουμεντάριος</em></strong></span> <span class='ocrx_word' id='word_1_96' title='bbox 717 1725 808 1808; x_wconf 79' lang='grc' dir='ltr'><strong><em>(ἀντὶ</em></strong></span> <span class='ocrx_word' id='word_1_97' title='bbox 830 1733 885 1790; x_wconf 80' lang='grc' dir='ltr'><strong><em>τοῦ</em></strong></span> <span class='ocrx_word' id='word_1_98' title='bbox 903 1723 1105 1813; x_wconf 82' lang='grc' dir='ltr'><strong><em>χαρτοφόλαξ</em></strong></span> <span class='ocrx_word' id='word_1_99' title='bbox 1126 1732 1188 1792; x_wconf 80' lang='grc' dir='ltr'><strong><em>τῶν</em></strong></span> <span class='ocrx_word' id='word_1_100' title='bbox 1212 1725 1341 1808; x_wconf 78' lang='grc' dir='ltr'><strong><em>ἀρχείων</em></strong></span> <span class='ocrx_word' id='word_1_101' title='bbox 1405 1728 1408 1735; x_wconf 83' lang='grc'><strong>“</strong></span> 
     </span>
     <span class='ocr_line' id='line_1_14' title="bbox 241 1823 1341 1915; baseline -0.009 -18"><span class='ocrx_word' id='word_1_102' title='bbox 241 1835 298 1897; x_wconf 72' lang='lat' dir='ltr'>toti</span> <span class='ocrx_word' id='word_1_103' title='bbox 321 1827 538 1914; x_wconf 84' lang='grc' dir='ltr'><strong><em>δικαστηρίου)</em></strong></span> <span class='ocrx_word' id='word_1_104' title='bbox 562 1828 605 1904; x_wconf 76' lang='grc' dir='ltr'><strong><em>εἰς</em></strong></span> <span class='ocrx_word' id='word_1_105' title='bbox 625 1826 660 1892; x_wconf 77' lang='lat' dir='ltr'><strong><em>od</em></strong></span> <span class='ocrx_word' id='word_1_106' title='bbox 679 1823 868 1914; x_wconf 72' lang='grc' dir='ltr'><strong><em>ὑπογράφειν</em></strong></span> <span class='ocrx_word' id='word_1_107' title='bbox 886 1831 939 1892; x_wconf 78' lang='grc' dir='ltr'><strong><em>καὶ</em></strong></span> <span class='ocrx_word' id='word_1_108' title='bbox 960 1834 1096 1915; x_wconf 75' lang='grc' dir='ltr'><strong><em>πληροῦν</em></strong></span> <span class='ocrx_word' id='word_1_109' title='bbox 1116 1827 1173 1904; x_wconf 87' lang='grc' dir='ltr'><strong><em>τάς</em></strong></span> <span class='ocrx_word' id='word_1_110' title='bbox 1193 1823 1341 1912; x_wconf 78' lang='grc' dir='ltr'><strong><em>ψήφους·</em></strong></span> 
     </span>
     <span class='ocr_line' id='line_1_15' title="bbox 242 1927 1341 2018; baseline -0.008 -20"><span class='ocrx_word' id='word_1_111' title='bbox 242 1935 294 1998; x_wconf 77' lang='grc' dir='ltr'><strong><em>καὶ</em></strong></span> <span class='ocrx_word' id='word_1_112' title='bbox 311 1937 414 2018; x_wconf 79' lang='grc' dir='ltr'><strong><em>χῶρος</em></strong></span> <span class='ocrx_word' id='word_1_113' title='bbox 430 1932 487 2012; x_wconf 89' lang='grc' dir='ltr'><strong><em>μέν</em></strong></span> <span class='ocrx_word' id='word_1_114' title='bbox 509 1929 595 2017; x_wconf 76' lang='grc' dir='ltr'><strong><em>αὐτῷ</em></strong></span> <span class='ocrx_word' id='word_1_115' title='bbox 618 1929 649 1993; x_wconf 78' lang='grc' dir='ltr'><strong><em>έν</em></strong></span> <span class='ocrx_word' id='word_1_116' title='bbox 674 1935 719 2017; x_wconf 76' lang='grc' dir='ltr'><strong><em>τῷ</em></strong></span> <span class='ocrx_word' id='word_1_117' title='bbox 740 1929 934 2017; x_wconf 76' lang='grc' dir='ltr'><strong><em>ἷπποδρομίῳ</em></strong></span> <span class='ocrx_word' id='word_1_118' title='bbox 963 1927 1022 1996; x_wconf 77' lang='grc' dir='ltr'><strong><em>ἀπό</em></strong></span> <span class='ocrx_word' id='word_1_119' title='bbox 1046 1935 1090 2016; x_wconf 78' lang='grc' dir='ltr'><strong><em>τῷ</em></strong></span> <span class='ocrx_word' id='word_1_120' title='bbox 1108 1936 1164 2012; x_wconf 72' lang='grc' dir='ltr'><strong><em>τῆς</em></strong></span> <span class='ocrx_word' id='word_1_121' title='bbox 1184 1929 1341 2012; x_wconf 78' lang='grc' dir='ltr'><strong><em>βασιλείας</em></strong></span> 
     </span>
     <span class='ocr_line' id='line_1_16' title="bbox 239 2028 1383 2119; baseline -0.007 -21"><span class='ocrx_word' id='word_1_122' title='bbox 239 2032 358 2119; x_wconf 71' lang='grc' dir='ltr'><strong><em>βήματι</em></strong></span> <span class='ocrx_word' id='word_1_123' title='bbox 376 2034 425 2096; x_wconf 70' lang='lat' dir='ltr'><strong><em>int</em></strong></span> <span class='ocrx_word' id='word_1_124' title='bbox 443 2031 496 2096; x_wconf 83' lang='grc' dir='ltr'><strong><em>τὸν</em></strong></span> <span class='ocrx_word' id='word_1_125' title='bbox 511 2029 600 2095; x_wconf 84' lang='grc' dir='ltr'><strong><em>νότον</em></strong></span> <span class='ocrx_word' id='word_1_126' title='bbox 614 2029 686 2115; x_wconf 83' lang='grc' dir='ltr'><strong><em>ἀχρι</em></strong></span> <span class='ocrx_word' id='word_1_127' title='bbox 702 2037 758 2111; x_wconf 77' lang='grc' dir='ltr'><strong><em>τῆς</em></strong></span> <span class='ocrx_word' id='word_1_128' title='bbox 772 2031 960 2114; x_wconf 72' lang='grc' dir='ltr'><strong><em>καλουμένης</em></strong></span> <span class='ocrx_word' id='word_1_129' title='bbox 981 2028 1150 2118; x_wconf 76' lang='grc' dir='ltr'><strong><em>σφενδόνης</em></strong></span> <span class='ocrx_word' id='word_1_130' title='bbox 1162 2033 1194 2108; x_wconf 76' lang='grc' dir='ltr'><strong><em>έξ</em></strong></span> <span class='ocrx_word' id='word_1_131' title='bbox 1210 2031 1338 2117; x_wconf 88' lang='grc' dir='ltr'><strong><em>ἀρχαίου</em></strong></span> <span class='ocrx_word' id='word_1_132' title='bbox 1348 2036 1383 2092; x_wconf 76' lang='lat' dir='ltr'><strong><em>ts</em></strong></span> 
     </span>
     <span class='ocr_line' id='line_1_17' title="bbox 240 2128 1341 2221; baseline -0.005 -19"><span class='ocrx_word' id='word_1_133' title='bbox 240 2131 513 2221; x_wconf 81' lang='grc' dir='ltr'><strong><em>παρακεχώρηται,</em></strong></span> <span class='ocrx_word' id='word_1_134' title='bbox 538 2128 638 2196; x_wconf 78' lang='grc' dir='ltr'><strong><em>πάντα</em></strong></span> <span class='ocrx_word' id='word_1_135' title='bbox 662 2131 696 2196; x_wconf 86' lang='grc' dir='ltr'><strong><em>δέ</em></strong></span> <span class='ocrx_word' id='word_1_136' title='bbox 714 2131 753 2197; x_wconf 70' lang='lat' dir='ltr'><strong><em>oti</em></strong></span> <span class='ocrx_word' id='word_1_137' title='bbox 777 2131 840 2196; x_wconf 85' lang='grc' dir='ltr'><strong><em>ἀπό</em></strong></span> <span class='ocrx_word' id='word_1_138' title='bbox 860 2138 916 2216; x_wconf 78' lang='grc' dir='ltr'><strong><em>τῆς</em></strong></span> <span class='ocrx_word' id='word_1_139' title='bbox 935 2135 1094 2215; x_wconf 74' lang='grc' dir='ltr'><strong><em>βασιλείας</em></strong></span> <span class='ocrx_word' id='word_1_140' title='bbox 1116 2130 1288 2210; x_wconf 77' lang='grc' dir='ltr'><strong><em>Οὐάλεντος</em></strong></span> <span class='ocrx_word' id='word_1_141' title='bbox 1308 2134 1341 2198; x_wconf 86' lang='grc' dir='ltr'><strong><em>έν</em></strong></span> 
     </span>
     <span class='ocr_line' id='line_1_18' title="bbox 233 2233 1342 2323; baseline -0.005 -19"><span class='ocrx_word' id='word_1_142' title='bbox 233 2246 304 2314; x_wconf 75' lang='grc' dir='ltr'><strong><em>τοῖς</em></strong></span> <span class='ocrx_word' id='word_1_143' title='bbox 321 2233 557 2319; x_wconf 47' lang='grc' dir='ltr'><strong><em>τότεῑμεγίστοις</em></strong></span> <span class='ocrx_word' id='word_1_144' title='bbox 573 2236 778 2321; x_wconf 79' lang='grc' dir='ltr'><strong><em>δικαστηρίοις</em></strong></span> <span class='ocrx_word' id='word_1_145' title='bbox 789 2236 984 2323; x_wconf 81' lang='grc' dir='ltr'><strong><em>πεπραγμένα</em></strong></span> <span class='ocrx_word' id='word_1_146' title='bbox 998 2233 1111 2302; x_wconf 72' lang='grc' dir='ltr'><strong><em>αότόθι</em></strong></span> <span class='ocrx_word' id='word_1_147' title='bbox 1126 2233 1264 2316; x_wconf 82' lang='grc' dir='ltr'><strong><em>σώζεται,</em></strong></span> <span class='ocrx_word' id='word_1_148' title='bbox 1288 2236 1342 2300; x_wconf 77' lang='grc' dir='ltr'><strong><em>καί</em></strong></span> 
     </span>
     <span class='ocr_line' id='line_1_19' title="bbox 238 2333 1341 2426; baseline -0.005 -19"><span class='ocrx_word' id='word_1_149' title='bbox 238 2349 304 2416; x_wconf 78' lang='grc' dir='ltr'><strong><em>τοῖς</em></strong></span> <span class='ocrx_word' id='word_1_150' title='bbox 316 2339 503 2422; x_wconf 81' lang='grc' dir='ltr'><strong><em>έπιζητοῦσιν</em></strong></span> <span class='ocrx_word' id='word_1_151' title='bbox 518 2333 617 2415; x_wconf 82' lang='grc' dir='ltr'><strong><em>οότως</em></strong></span> <span class='ocrx_word' id='word_1_152' title='bbox 632 2337 713 2404; x_wconf 69' lang='grc' dir='ltr'><strong><em>ἐστὶν</em></strong></span> <span class='ocrx_word' id='word_1_153' title='bbox 731 2338 837 2421; x_wconf 74' lang='grc' dir='ltr'><strong><em>έτοιμα</em></strong></span> <span class='ocrx_word' id='word_1_154' title='bbox 852 2337 924 2405; x_wconf 78' lang='grc' dir='ltr'><strong><em>ὡσεὶ</em></strong></span> <span class='ocrx_word' id='word_1_155' title='bbox 934 2341 1015 2423; x_wconf 69' lang='grc' dir='ltr'><strong><em>χθές</em></strong></span> <span class='ocrx_word' id='word_1_156' title='bbox 1030 2339 1123 2422; x_wconf 84' lang='grc' dir='ltr'><strong><em>τυχόν</em></strong></span> <span class='ocrx_word' id='word_1_157' title='bbox 1135 2338 1341 2426; x_wconf 86' lang='grc' dir='ltr'><strong><em>πεπραγμένα.</em></strong></span> 
     </span>
    </p>
   </div>
   <div class='ocr_carea' id='block_1_3' title="bbox 238 2437 1383 2736">
    <p class='ocr_par' dir='ltr' id='par_1_3' title="bbox 238 2437 1383 2736">
     <span class='ocr_line' id='line_1_20' title="bbox 239 2437 1340 2530; baseline -0.004 -22"><span class='ocrx_word' id='word_1_158' title='bbox 239 2439 376 2508; x_wconf 77' lang='grc' dir='ltr'><strong><em>ἀπώλετο</em></strong></span> <span class='ocrx_word' id='word_1_159' title='bbox 391 2442 426 2506; x_wconf 85' lang='grc' dir='ltr'><strong><em>δέ</em></strong></span> <span class='ocrx_word' id='word_1_160' title='bbox 444 2443 494 2506; x_wconf 78' lang='grc' dir='ltr'><strong><em>καὶ</em></strong></span> <span class='ocrx_word' id='word_1_161' title='bbox 511 2437 634 2517; x_wconf 72' lang='grc' dir='ltr'><strong><em>αὐτόςὸ</em></strong></span> <span class='ocrx_word' id='word_1_162' title='bbox 651 2440 948 2528; x_wconf 83' lang='grc' dir='ltr'><strong><em>ίνστρουμεντόριος,</em></strong></span> <span class='ocrx_word' id='word_1_163' title='bbox 970 2445 1022 2508; x_wconf 79' lang='grc' dir='ltr'><strong><em>καὶ</em></strong></span> <span class='ocrx_word' id='word_1_164' title='bbox 1037 2441 1150 2530; x_wconf 79' lang='grc' dir='ltr'><strong><em>έρημος</em></strong></span> <span class='ocrx_word' id='word_1_165' title='bbox 1160 2439 1191 2526; x_wconf 74' lang='lat' dir='ltr'><strong><em>o‘p</em></strong></span> <span class='ocrx_word' id='word_1_166' title='bbox 1201 2442 1340 2526; x_wconf 70' lang='grc' dir='ltr'><strong><em>καθέδρα</em></strong></span> 
     </span>
     <span class='ocr_line' id='line_1_21' title="bbox 238 2541 1383 2630; baseline -0.001 -19"><span class='ocrx_word' id='word_1_167' title='bbox 238 2546 331 2628; x_wconf 83' lang='grc' dir='ltr'><strong><em>μένει,</em></strong></span> <span class='ocrx_word' id='word_1_168' title='bbox 348 2541 454 2626; x_wconf 89' lang='grc' dir='ltr'><strong><em>μόνοις</em></strong></span> <span class='ocrx_word' id='word_1_169' title='bbox 465 2544 596 2620; x_wconf 75' lang='grc' dir='ltr'><strong><em>οἰκέταις</em></strong></span> <span class='ocrx_word' id='word_1_170' title='bbox 606 2542 790 2626; x_wconf 81' lang='grc' dir='ltr'><strong><em>ἀναμένουσι</em></strong></span> <span class='ocrx_word' id='word_1_171' title='bbox 804 2545 876 2622; x_wconf 74' lang='grc' dir='ltr'><strong><em>τούς</em></strong></span> <span class='ocrx_word' id='word_1_172' title='bbox 887 2547 1085 2628; x_wconf 81' lang='grc' dir='ltr'><strong><em>κεκτημένους</em></strong></span> <span class='ocrx_word' id='word_1_173' title='bbox 1098 2543 1383 2630; x_wconf 77' lang='grc' dir='ltr'><strong><em>έγκεχωρημίνη·20</em></strong></span> 
     </span>
     <span class='ocr_line' id='line_1_22' title="bbox 240 2644 1341 2736; baseline -0.004 -22"><span class='ocrx_word' id='word_1_174' title='bbox 240 2645 430 2734; x_wconf 88' lang='grc' dir='ltr'><strong><em>διαγνώσεως</em></strong></span> <span class='ocrx_word' id='word_1_175' title='bbox 451 2644 510 2734; x_wconf 83' lang='grc' dir='ltr'><strong><em>γὰρ</em></strong></span> <span class='ocrx_word' id='word_1_176' title='bbox 533 2646 589 2712; x_wconf 78' lang='lat' dir='ltr'>salx</span> <span class='ocrx_word' id='word_1_177' title='bbox 612 2645 722 2732; x_wconf 81' lang='grc' dir='ltr'><strong><em>οόσης,</em></strong></span> <span class='ocrx_word' id='word_1_178' title='bbox 746 2646 767 2732; x_wconf 81' lang='grc' dir='ltr'><strong><em>ἢ</em></strong></span> <span class='ocrx_word' id='word_1_179' title='bbox 794 2646 889 2715; x_wconf 80' lang='grc' dir='ltr'><strong><em>ἀλλον</em></strong></span> <span class='ocrx_word' id='word_1_180' title='bbox 912 2650 1063 2736; x_wconf 86' lang='grc' dir='ltr'><strong><em>πρακτέου</em></strong></span> <span class='ocrx_word' id='word_1_181' title='bbox 1077 2647 1158 2725; x_wconf 81' lang='grc' dir='ltr'><strong><em>τινός</em></strong></span> <span class='ocrx_word' id='word_1_182' title='bbox 1175 2647 1255 2724; x_wconf 79' lang='grc' dir='ltr'><strong><em>εἰκὸς</em></strong></span> <span class='ocrx_word' id='word_1_183' title='bbox 1270 2646 1341 2712; x_wconf 63' lang='lat' dir='ltr'>otti</span> 
     </span>
    </p>
   </div>
   <div class='ocr_carea' id='block_1_4' title="bbox 305 2849 1340 3271">
    <p class='ocr_par' dir='ltr' id='par_1_4' title="bbox 305 2849 1340 3271">
     <span class='ocr_line' id='line_1_23' title="bbox 307 2849 1340 2926; baseline -0.004 -14"><span class='ocrx_word' id='word_1_184' title='bbox 307 2856 377 2912; x_wconf 82' lang='lat' dir='ltr'>unde</span> <span class='ocrx_word' id='word_1_185' title='bbox 404 2856 535 2926; x_wconf 82' lang='lat' dir='ltr'>integrum</span> <span class='ocrx_word' id='word_1_186' title='bbox 560 2855 657 2912; x_wconf 85' lang='lat' dir='ltr'>maurit</span> <span class='ocrx_word' id='word_1_187' title='bbox 682 2857 736 2912; x_wconf 77' lang='grc' dir='ltr'><strong><em>οῦν</em></strong></span> <span class='ocrx_word' id='word_1_188' title='bbox 762 2849 800 2926; x_wconf 72' lang='grc' dir='ltr'><strong><em>ἢ,</em></strong></span> <span class='ocrx_word' id='word_1_189' title='bbox 827 2862 857 2913; x_wconf 83' lang='lat' dir='ltr'><strong><em>et</em></strong></span> <span class='ocrx_word' id='word_1_190' title='bbox 881 2858 1112 2926; x_wconf 77' lang='grc' dir='ltr'><strong><em>ιιομμεηαρίσιον</em></strong></span> <span class='ocrx_word' id='word_1_191' title='bbox 1134 2851 1340 2924; x_wconf 81' lang='grc' dir='ltr'><strong><em>μυστογράφσν,</em></strong></span> 
     </span>
     <span class='ocr_line' id='line_1_24' title="bbox 306 2923 1340 2994; baseline 0 -14"><span class='ocrx_word' id='word_1_192' title='bbox 306 2928 377 2980; x_wconf 86' lang='lat' dir='ltr'>unde</span> <span class='ocrx_word' id='word_1_193' title='bbox 392 2927 489 2980; x_wconf 78' lang='lat' dir='ltr'>mansit</span> <span class='ocrx_word' id='word_1_194' title='bbox 502 2923 583 2994; x_wconf 83' lang='grc' dir='ltr'><strong><em>η’σιον</em></strong></span> <span class='ocrx_word' id='word_1_195' title='bbox 598 2941 679 2994; x_wconf 83' lang='grc' dir='ltr'><strong><em>μυστ.</em></strong></span> <span class='ocrx_word' id='word_1_196' title='bbox 806 2926 948 2982; x_wconf 73' lang='grc' dir='ltr'><strong><em>Ξνίδοωτ</em></strong></span> <span class='ocrx_word' id='word_1_197' title='bbox 963 2930 1048 2982; x_wconf 78' lang='lat' dir='ltr'>inisse</span> <span class='ocrx_word' id='word_1_198' title='bbox 1063 2923 1162 2979; x_wconf 75' lang='grc' dir='ltr'><strong><em>λαθών</em></strong></span> <span class='ocrx_word' id='word_1_199' title='bbox 1177 2927 1289 2980; x_wconf 79' lang='grc' dir='ltr'><strong><em>τοῦτον.</em></strong></span> <span class='ocrx_word' id='word_1_200' title='bbox 1304 2928 1340 2980; x_wconf 76' lang='lat' dir='ltr'><strong><em>F.</em></strong></span> 
     </span>
     <span class='ocr_line' id='line_1_25' title="bbox 305 2991 1340 3064; baseline 0 -16"><span class='ocrx_word' id='word_1_201' title='bbox 305 2995 412 3049; x_wconf 77' lang='lat' dir='ltr'>videtur</span> <span class='ocrx_word' id='word_1_202' title='bbox 431 2995 515 3048; x_wconf 79' lang='lat' dir='ltr'>fuisse</span> <span class='ocrx_word' id='word_1_203' title='bbox 535 2993 584 3050; x_wconf 81' lang='grc' dir='ltr'><strong><em>κοιλ</em></strong></span> <span class='ocrx_word' id='word_1_204' title='bbox 604 2991 722 3064; x_wconf 74' lang='grc' dir='ltr'><strong><em>μάλιστα</em></strong></span> <span class='ocrx_word' id='word_1_205' title='bbox 743 2993 895 3061; x_wconf 83' lang='grc' dir='ltr'><strong><em>τετιμένον.</em></strong></span> <span class='ocrx_word' id='word_1_206' title='bbox 919 2998 954 3048; x_wconf 68' lang='lat' dir='ltr'>It.</span> <span class='ocrx_word' id='word_1_207' title='bbox 1092 2995 1111 3048; x_wconf 78' lang='lat'>4</span> <span class='ocrx_word' id='word_1_208' title='bbox 1133 2994 1193 3062; x_wconf 81' lang='lat' dir='ltr'>lego</span> <span class='ocrx_word' id='word_1_209' title='bbox 1209 2994 1340 3062; x_wconf 74' lang='grc' dir='ltr'><strong><em>σύνθημα</em></strong></span> 
     </span>
     <span class='ocr_line' id='line_1_26' title="bbox 307 3054 1339 3134; baseline 0.001 -18"><span class='ocrx_word' id='word_1_210' title='bbox 307 3058 373 3116; x_wconf 84' lang='grc' dir='ltr'><strong><em>κατ’</em></strong></span> <span class='ocrx_word' id='word_1_211' title='bbox 391 3054 463 3134; x_wconf 66' lang='lat' dir='ltr'>oium</span> <span class='ocrx_word' id='word_1_212' title='bbox 482 3065 517 3117; x_wconf 72' lang='lat' dir='ltr'>lt,</span> <span class='ocrx_word' id='word_1_213' title='bbox 623 3068 656 3120; x_wconf 88' lang='lat'><strong><em>10</em></strong></span> <span class='ocrx_word' id='word_1_214' title='bbox 693 3071 735 3116; x_wconf 86' lang='lat' dir='ltr'><strong><em>ost</em></strong></span> <span class='ocrx_word' id='word_1_215' title='bbox 753 3060 899 3134; x_wconf 82' lang='grc' dir='ltr'><strong><em>ὁμολογεῖν</em></strong></span> <span class='ocrx_word' id='word_1_216' title='bbox 912 3062 1013 3134; x_wconf 83' lang='lat' dir='ltr'>oliqnot</span> <span class='ocrx_word' id='word_1_217' title='bbox 1024 3061 1285 3128; x_wconf 77' lang='lat' dir='ltr'>literaeexstinctae.</span> <span class='ocrx_word' id='word_1_218' title='bbox 1303 3066 1339 3117; x_wconf 65' lang='grc' dir='ltr'><strong><em>λε’.</em></strong></span> 
     </span>
     <span class='ocr_line' id='line_1_27' title="bbox 308 3083 1338 3204; baseline 0.001 -19"><span class='ocrx_word' id='word_1_219' title='bbox 308 3133 342 3185; x_wconf 78' lang='lat'><strong><em>12</em></strong></span> <span class='ocrx_word' id='word_1_220' title='bbox 358 3125 462 3198; x_wconf 76' lang='grc' dir='ltr'><strong><em>ἀρηίων</em></strong></span> <span class='ocrx_word' id='word_1_221' title='bbox 479 3131 513 3184; x_wconf 81' lang='lat' dir='ltr'><strong><em>c.</em></strong></span> <span class='ocrx_word' id='word_1_222' title='bbox 651 3083 690 3186; x_wconf 68' lang='lat' dir='ltr'><strong><em>tl</em></strong></span> <span class='ocrx_word' id='word_1_223' title='bbox 701 3129 858 3198; x_wconf 74' lang='grc' dir='ltr'><strong><em>σφενδόνος</em></strong></span> <span class='ocrx_word' id='word_1_224' title='bbox 875 3132 908 3184; x_wconf 83' lang='lat' dir='ltr'><strong><em>c.</em></strong></span> <span class='ocrx_word' id='word_1_225' title='bbox 1031 3133 1067 3188; x_wconf 79' lang='lat'><strong><em>20</em></strong></span> <span class='ocrx_word' id='word_1_226' title='bbox 1082 3126 1286 3204; x_wconf 74' lang='grc' dir='ltr'><strong><em>έκεεχωρημένη</em></strong></span> <span class='ocrx_word' id='word_1_227' title='bbox 1304 3133 1338 3187; x_wconf 82' lang='lat' dir='ltr'><strong><em>c.</em></strong></span> 
     </span>
     <span class='ocr_line' id='line_1_28' title="bbox 307 3198 1028 3271; baseline 0.004 -17"><span class='ocrx_word' id='word_1_228' title='bbox 307 3201 342 3256; x_wconf 80' lang='lat'><strong><em>21</em></strong></span> <span class='ocrx_word' id='word_1_229' title='bbox 357 3199 514 3268; x_wconf 82' lang='grc' dir='ltr'><strong><em>πρανταίου</em></strong></span> <span class='ocrx_word' id='word_1_230' title='bbox 531 3198 566 3254; x_wconf 82' lang='lat' dir='ltr'><strong><em>c.</em></strong></span> <span class='ocrx_word' id='word_1_231' title='bbox 669 3198 758 3271; x_wconf 75' lang='grc' dir='ltr'><strong><em>είκδς]</em></strong></span> <span class='ocrx_word' id='word_1_232' title='bbox 776 3215 804 3254; x_wconf 80' lang='grc' dir='ltr'><strong><em>ν.</em></strong></span> <span class='ocrx_word' id='word_1_233' title='bbox 822 3200 857 3255; x_wconf 83' lang='grc' dir='ltr'><strong><em>ιδ</em></strong></span> <span class='ocrx_word' id='word_1_234' title='bbox 871 3218 900 3271; x_wconf 91' lang='lat' dir='ltr'><strong><em>p.</em></strong></span> <span class='ocrx_word' id='word_1_235' title='bbox 915 3200 970 3256; x_wconf 76' lang='lat'><strong><em>2⁰2</em></strong></span> <span class='ocrx_word' id='word_1_236' title='bbox 985 3203 1028 3257; x_wconf 82' lang='lat'><strong><em>19.</em></strong></span> 
     </span>
    </p>
   </div>
   <div class='ocr_carea' id='block_1_5' title="bbox 237 3384 1342 4494">
    <p class='ocr_par' dir='ltr' id='par_1_5' title="bbox 237 3384 1340 3938">
     <span class='ocr_line' id='line_1_29' title="bbox 237 3384 1340 3459; baseline 0 -16"><span class='ocrx_word' id='word_1_237' title='bbox 237 3404 295 3444; x_wconf 84' lang='lat' dir='ltr'>runt</span> <span class='ocrx_word' id='word_1_238' title='bbox 312 3387 441 3459; x_wconf 82' lang='lat' dir='ltr'>quendam</span> <span class='ocrx_word' id='word_1_239' title='bbox 463 3384 517 3454; x_wconf 75' lang='lat' dir='ltr'>legi</span> <span class='ocrx_word' id='word_1_240' title='bbox 533 3385 647 3453; x_wconf 86' lang='lat' dir='ltr'>sistere,</span> <span class='ocrx_word' id='word_1_241' title='bbox 673 3388 933 3441; x_wconf 75' lang='lat' dir='ltr'>commentariensem</span> <span class='ocrx_word' id='word_1_242' title='bbox 955 3387 1069 3443; x_wconf 81' lang='lat' dir='ltr'>sen&#39;bam</span> <span class='ocrx_word' id='word_1_243' title='bbox 1090 3393 1194 3443; x_wconf 77' lang='lat' dir='ltr'>secreto</span> <span class='ocrx_word' id='word_1_244' title='bbox 1211 3389 1340 3458; x_wconf 81' lang='lat' dir='ltr'>sumebat,</span> 
     </span>
     <span class='ocr_line' id='line_1_30' title="bbox 238 3455 1340 3592; baseline -0.001 -11"><span class='ocrx_word' id='word_1_245' title='bbox 238 3455 1340 3592; x_wconf 54' lang='lat' dir='ltr'>:ittitt‘luttiultitult,‘utttllttltutttltlttlilsst</span> 
     </span>
     <span class='ocr_line' id='line_1_31' title="bbox 240 3566 1340 3663; baseline -0.001 -14"><span class='ocrx_word' id='word_1_246' title='bbox 240 3595 379 3663; x_wconf 84' lang='lat' dir='ltr'>synthema</span> <span class='ocrx_word' id='word_1_247' title='bbox 403 3593 535 3658; x_wconf 67' lang='lat' dir='ltr'>distabat,</span> <span class='ocrx_word' id='word_1_248' title='bbox 560 3607 648 3644; x_wconf 85' lang='lat' dir='ltr'>coram</span> <span class='ocrx_word' id='word_1_249' title='bbox 672 3592 868 3663; x_wconf 73' lang='lat' dir='ltr'><strong>apparitoribus</strong></span> <span class='ocrx_word' id='word_1_250' title='bbox 892 3566 1044 3648; x_wconf 70' lang='lat' dir='ltr'>fidelissimo</span> <span class='ocrx_word' id='word_1_251' title='bbox 1067 3595 1143 3651; x_wconf 82' lang='lat' dir='ltr'>simul</span> <span class='ocrx_word' id='word_1_252' title='bbox 1167 3603 1195 3646; x_wconf 90' lang='lat' dir='ltr'><strong><em>et</em></strong></span> <span class='ocrx_word' id='word_1_253' title='bbox 1217 3595 1340 3648; x_wconf 81' lang='lat' dir='ltr'>eminenti</span> 
     </span>
     <span class='ocr_line' id='line_1_32' title="bbox 239 3659 1340 3746; baseline 0.002 -30"><span class='ocrx_word' id='word_1_254' title='bbox 239 3664 363 3717; x_wconf 87' lang='lat' dir='ltr'>mandans</span> <span class='ocrx_word' id='word_1_255' title='bbox 382 3698 429 3716; x_wconf 86' lang='grc'><strong><em>...</em></strong></span> <span class='ocrx_word' id='word_1_256' title='bbox 446 3668 476 3715; x_wconf 87' lang='lat' dir='ltr'><strong><em>ut</em></strong></span> <span class='ocrx_word' id='word_1_257' title='bbox 496 3659 673 3728; x_wconf 76' lang='lat' dir='ltr'>indignationi</span> <span class='ocrx_word' id='word_1_258' title='bbox 697 3661 838 3734; x_wconf 61' lang='lat' dir='ltr'>obnoxium</span> <span class='ocrx_word' id='word_1_259' title='bbox 859 3663 893 3716; x_wconf 86' lang='lat' dir='ltr'><strong><em>ad</em></strong></span> <span class='ocrx_word' id='word_1_260' title='bbox 915 3664 1029 3718; x_wconf 80' lang='lat' dir='ltr'>tribunal</span> <span class='ocrx_word' id='word_1_261' title='bbox 1053 3666 1204 3717; x_wconf 85' lang='lat' dir='ltr'>adduceret.</span> <span class='ocrx_word' id='word_1_262' title='bbox 1247 3666 1340 3746; x_wconf 81' lang='lat' dir='ltr'>quodsi</span> 
     </span>
     <span class='ocr_line' id='line_1_33' title="bbox 239 3729 1340 3802; baseline 0.005 -19"><span class='ocrx_word' id='word_1_263' title='bbox 239 3729 405 3800; x_wconf 87' lang='lat' dir='ltr'>imperatoris</span> <span class='ocrx_word' id='word_1_264' title='bbox 420 3730 584 3800; x_wconf 81' lang='lat' dir='ltr'>benignitas,</span> <span class='ocrx_word' id='word_1_265' title='bbox 604 3729 694 3798; x_wconf 88' lang='lat' dir='ltr'>etqui</span> <span class='ocrx_word' id='word_1_266' title='bbox 711 3729 790 3784; x_wconf 85' lang='lat' dir='ltr'>etiam</span> <span class='ocrx_word' id='word_1_267' title='bbox 806 3739 861 3785; x_wconf 89' lang='lat' dir='ltr'><strong><em>tnm</em></strong></span> <span class='ocrx_word' id='word_1_268' title='bbox 877 3739 934 3786; x_wconf 85' lang='lat' dir='ltr'>erat</span> <span class='ocrx_word' id='word_1_269' title='bbox 948 3733 1147 3802; x_wconf 69' lang='lat' dir='ltr'>magistratuum</span> <span class='ocrx_word' id='word_1_270' title='bbox 1164 3732 1191 3783; x_wconf 92' lang='lat' dir='ltr'>in</span> <span class='ocrx_word' id='word_1_271' title='bbox 1208 3734 1340 3788; x_wconf 80' lang='lat' dir='ltr'>subiectos</span> 
     </span>
     <span class='ocr_line' id='line_1_34' title="bbox 238 3798 1339 3870; baseline 0.001 -17"><span class='ocrx_word' id='word_1_272' title='bbox 238 3815 328 3867; x_wconf 82' lang='lat' dir='ltr'>amor,</span> <span class='ocrx_word' id='word_1_273' title='bbox 344 3800 477 3853; x_wconf 88' lang='lat' dir='ltr'>damnatos</span> <span class='ocrx_word' id='word_1_274' title='bbox 494 3798 574 3852; x_wconf 83' lang='lat' dir='ltr'>venia</span> <span class='ocrx_word' id='word_1_275' title='bbox 587 3799 755 3868; x_wconf 63' lang='lat' dir='ltr'>dignatam,</span> <span class='ocrx_word' id='word_1_276' title='bbox 774 3818 884 3855; x_wconf 74' lang='lat' dir='ltr'>necem</span> <span class='ocrx_word' id='word_1_277' title='bbox 897 3811 957 3856; x_wconf 82' lang='lat' dir='ltr'>erat</span> <span class='ocrx_word' id='word_1_278' title='bbox 968 3803 1108 3856; x_wconf 85' lang='lat' dir='ltr'>liberatum</span> <span class='ocrx_word' id='word_1_279' title='bbox 1122 3816 1153 3852; x_wconf 81' lang='lat' dir='ltr'>ro</span> <span class='ocrx_word' id='word_1_280' title='bbox 1167 3799 1228 3870; x_wconf 81' lang='lat' dir='ltr'>ipss</span> <span class='ocrx_word' id='word_1_281' title='bbox 1240 3803 1339 3856; x_wconf 85' lang='lat' dir='ltr'>media-</span> 
     </span>
     <span class='ocr_line' id='line_1_35' title="bbox 238 3867 608 3938; baseline -0.002 -16"><span class='ocrx_word' id='word_1_282' title='bbox 238 3867 342 3933; x_wconf 80' lang='lat' dir='ltr'>toribus</span> <span class='ocrx_word' id='word_1_283' title='bbox 361 3869 471 3936; x_wconf 60' lang='lat' dir='ltr'>patiam</span> <span class='ocrx_word' id='word_1_284' title='bbox 489 3868 608 3938; x_wconf 84' lang='lat' dir='ltr'>polliceri</span> 
     </span>
    </p>

    <p class='ocr_par' dir='ltr' id='par_1_6' title="bbox 237 3936 1342 4494">
     <span class='ocr_line' id='line_1_36' title="bbox 308 3936 1340 4009; baseline 0.001 -19"><span class='ocrx_word' id='word_1_285' title='bbox 308 3936 351 3990; x_wconf 87' lang='lat'><strong><em>19.</em></strong></span> <span class='ocrx_word' id='word_1_286' title='bbox 387 3937 493 3991; x_wconf 85' lang='lat' dir='ltr'>Iunctus</span> <span class='ocrx_word' id='word_1_287' title='bbox 511 3954 615 4007; x_wconf 90' lang='lat' dir='ltr'>qnoque</span> <span class='ocrx_word' id='word_1_288' title='bbox 633 3941 834 3992; x_wconf 84' lang='lat' dir='ltr'>commentorum</span> <span class='ocrx_word' id='word_1_289' title='bbox 853 3938 968 4009; x_wconf 83' lang='lat' dir='ltr'>scrinio,</span> <span class='ocrx_word' id='word_1_290' title='bbox 985 3939 1032 4009; x_wconf 87' lang='lat' dir='ltr'>qui</span> <span class='ocrx_word' id='word_1_291' title='bbox 1051 3937 1275 3991; x_wconf 76' lang='lat' dir='ltr'>instrumentarius</span> <span class='ocrx_word' id='word_1_292' title='bbox 1293 3938 1340 4004; x_wconf 90' lang='lat' dir='ltr'>(id</span> 
     </span>
     <span class='ocr_line' id='line_1_37' title="bbox 238 4004 1339 4076; baseline 0.002 -18"><span class='ocrx_word' id='word_1_293' title='bbox 238 4011 281 4059; x_wconf 86' lang='lat' dir='ltr'><strong><em>est</em></strong></span> <span class='ocrx_word' id='word_1_294' title='bbox 295 4004 523 4058; x_wconf 83' lang='lat' dir='ltr'>instrumentorum</span> <span class='ocrx_word' id='word_1_295' title='bbox 540 4006 630 4059; x_wconf 86' lang='lat' dir='ltr'>indicii</span> <span class='ocrx_word' id='word_1_296' title='bbox 648 4009 758 4074; x_wconf 83' lang='lat' dir='ltr'>custos)</span> <span class='ocrx_word' id='word_1_297' title='bbox 781 4008 933 4076; x_wconf 81' lang='lat' dir='ltr'>dicebatur,</span> <span class='ocrx_word' id='word_1_298' title='bbox 950 4009 1025 4062; x_wconf 85' lang='lat' dir='ltr'>onius</span> <span class='ocrx_word' id='word_1_299' title='bbox 1042 4023 1134 4059; x_wconf 86' lang='lat' dir='ltr'>munus</span> <span class='ocrx_word' id='word_1_300' title='bbox 1153 4012 1210 4059; x_wconf 86' lang='lat' dir='ltr'>erat</span> <span class='ocrx_word' id='word_1_301' title='bbox 1222 4008 1339 4060; x_wconf 85' lang='lat' dir='ltr'>subscri-</span> 
     </span>
     <span class='ocr_line' id='line_1_38' title="bbox 237 4073 1341 4147; baseline 0.002 -20"><span class='ocrx_word' id='word_1_302' title='bbox 237 4075 304 4129; x_wconf 86' lang='lat' dir='ltr'>bere</span> <span class='ocrx_word' id='word_1_303' title='bbox 323 4079 350 4128; x_wconf 84' lang='lat' dir='ltr'><strong><em>et</em></strong></span> <span class='ocrx_word' id='word_1_304' title='bbox 367 4073 497 4143; x_wconf 84' lang='lat' dir='ltr'>complere</span> <span class='ocrx_word' id='word_1_305' title='bbox 513 4076 667 4128; x_wconf 87' lang='lat' dir='ltr'>sententias.</span> <span class='ocrx_word' id='word_1_306' title='bbox 703 4086 731 4129; x_wconf 90' lang='lat' dir='ltr'><strong><em>et</em></strong></span> <span class='ocrx_word' id='word_1_307' title='bbox 754 4074 827 4130; x_wconf 81' lang='lat' dir='ltr'>locus</span> <span class='ocrx_word' id='word_1_308' title='bbox 849 4078 954 4147; x_wconf 87' lang='lat' dir='ltr'>quidem</span> <span class='ocrx_word' id='word_1_309' title='bbox 979 4077 1006 4130; x_wconf 89' lang='lat' dir='ltr'>ei</span> <span class='ocrx_word' id='word_1_310' title='bbox 1029 4075 1057 4127; x_wconf 88' lang='lat' dir='ltr'>in</span> <span class='ocrx_word' id='word_1_311' title='bbox 1079 4075 1265 4144; x_wconf 85' lang='lat' dir='ltr'>hippodromo,</span> <span class='ocrx_word' id='word_1_312' title='bbox 1291 4078 1341 4129; x_wconf 90' lang='lat' dir='ltr'><strong><em>sub</em></strong></span> 
     </span>
     <span class='ocr_line' id='line_1_39' title="bbox 238 4141 1339 4230; baseline 0.002 -36"><span class='ocrx_word' id='word_1_313' title='bbox 238 4142 406 4212; x_wconf 80' lang='lat' dir='ltr'>imperatoris</span> <span class='ocrx_word' id='word_1_314' title='bbox 422 4141 556 4209; x_wconf 84' lang='lat' dir='ltr'>tribunali,</span> <span class='ocrx_word' id='word_1_315' title='bbox 575 4143 709 4198; x_wconf 87' lang='lat' dir='ltr'>meridiem</span> <span class='ocrx_word' id='word_1_316' title='bbox 726 4161 829 4216; x_wconf 82' lang='lat' dir='ltr'>versus,</span> <span class='ocrx_word' id='word_1_317' title='bbox 846 4163 931 4230; x_wconf 88' lang='lat' dir='ltr'>usqne</span> <span class='ocrx_word' id='word_1_318' title='bbox 948 4147 983 4200; x_wconf 88' lang='lat' dir='ltr'><strong><em>ad</em></strong></span> <span class='ocrx_word' id='word_1_319' title='bbox 1001 4143 1167 4212; x_wconf 83' lang='grc' dir='ltr'><strong><em>Σφενδόνην</em></strong></span> <span class='ocrx_word' id='word_1_320' title='bbox 1183 4147 1339 4212; x_wconf 78' lang='lat' dir='ltr'>(Fundam),</span> 
     </span>
     <span class='ocr_line' id='line_1_40' title="bbox 237 4210 1341 4284; baseline 0.001 -20"><span class='ocrx_word' id='word_1_321' title='bbox 237 4217 269 4264; x_wconf 86' lang='lat' dir='ltr'><strong><em>ut</em></strong></span> <span class='ocrx_word' id='word_1_322' title='bbox 282 4219 393 4278; x_wconf 80' lang='lat' dir='ltr'>vocent,</span> <span class='ocrx_word' id='word_1_323' title='bbox 420 4210 564 4280; x_wconf 82' lang='lat' dir='ltr'>antiquitus</span> <span class='ocrx_word' id='word_1_324' title='bbox 585 4213 726 4268; x_wconf 85' lang='lat' dir='ltr'>attributus</span> <span class='ocrx_word' id='word_1_325' title='bbox 743 4221 794 4268; x_wconf 82' lang='lat' dir='ltr'>est.</span> <span class='ocrx_word' id='word_1_326' title='bbox 829 4233 917 4271; x_wconf 78' lang='lat' dir='ltr'>omnis</span> <span class='ocrx_word' id='word_1_327' title='bbox 934 4223 1021 4269; x_wconf 79' lang='lat' dir='ltr'>sutem</span> <span class='ocrx_word' id='word_1_328' title='bbox 1039 4215 1075 4267; x_wconf 85' lang='lat' dir='ltr'><strong><em>ab</em></strong></span> <span class='ocrx_word' id='word_1_329' title='bbox 1091 4212 1201 4284; x_wconf 84' lang='lat' dir='ltr'>irnperio</span> <span class='ocrx_word' id='word_1_330' title='bbox 1219 4214 1341 4266; x_wconf 88' lang='lat' dir='ltr'>Valentis</span> 
     </span>
     <span class='ocr_line' id='line_1_41' title="bbox 237 4278 1342 4352; baseline 0.002 -19"><span class='ocrx_word' id='word_1_331' title='bbox 237 4278 268 4333; x_wconf 82' lang='lat' dir='ltr'><strong><em>lu</em></strong></span> <span class='ocrx_word' id='word_1_332' title='bbox 284 4281 402 4334; x_wconf 83' lang='lat' dir='ltr'>maximis</span> <span class='ocrx_word' id='word_1_333' title='bbox 418 4287 474 4334; x_wconf 83' lang='lat' dir='ltr'><strong><em>tum</em></strong></span> <span class='ocrx_word' id='word_1_334' title='bbox 491 4281 595 4333; x_wconf 85' lang='lat' dir='ltr'>iudiciis</span> <span class='ocrx_word' id='word_1_335' title='bbox 610 4290 668 4335; x_wconf 85' lang='lat' dir='ltr'>aeta</span> <span class='ocrx_word' id='word_1_336' title='bbox 686 4283 724 4337; x_wconf 93' lang='lat' dir='ltr'><strong><em>ibi</em></strong></span> <span class='ocrx_word' id='word_1_337' title='bbox 744 4293 900 4352; x_wconf 83' lang='lat' dir='ltr'>servantur,</span> <span class='ocrx_word' id='word_1_338' title='bbox 923 4282 1037 4351; x_wconf 79' lang='lat' dir='ltr'>emitque</span> <span class='ocrx_word' id='word_1_339' title='bbox 1054 4285 1238 4351; x_wconf 84' lang='lat' dir='ltr'>quaerentibus</span> <span class='ocrx_word' id='word_1_340' title='bbox 1257 4283 1296 4334; x_wconf 86' lang='lat' dir='ltr'><strong><em>ita</em></strong></span> <span class='ocrx_word' id='word_1_341' title='bbox 1312 4281 1342 4335; x_wconf 90' lang='lat' dir='ltr'>iu</span> 
     </span>
     <span class='ocr_line' id='line_1_42' title="bbox 237 4349 1341 4422; baseline 0.002 -21"><span class='ocrx_word' id='word_1_342' title='bbox 237 4359 361 4420; x_wconf 85' lang='lat' dir='ltr'>promptu</span> <span class='ocrx_word' id='word_1_343' title='bbox 377 4349 452 4420; x_wconf 91' lang='lat' dir='ltr'>qnasi</span> <span class='ocrx_word' id='word_1_344' title='bbox 470 4366 538 4419; x_wconf 81' lang='lat' dir='ltr'>quse</span> <span class='ocrx_word' id='word_1_345' title='bbox 555 4349 612 4402; x_wconf 83' lang='lat' dir='ltr'>lteri</span> <span class='ocrx_word' id='word_1_346' title='bbox 628 4352 696 4405; x_wconf 83' lang='lat' dir='ltr'>torte</span> <span class='ocrx_word' id='word_1_347' title='bbox 711 4361 771 4406; x_wconf 79' lang='lat' dir='ltr'>acte</span> <span class='ocrx_word' id='word_1_348' title='bbox 786 4356 888 4408; x_wconf 81' lang='lat' dir='ltr'>forent.</span> <span class='ocrx_word' id='word_1_349' title='bbox 924 4351 1005 4422; x_wconf 87' lang='lat' dir='ltr'>periit</span> <span class='ocrx_word' id='word_1_350' title='bbox 1025 4368 1090 4406; x_wconf 80' lang='lat' dir='ltr'>vero</span> <span class='ocrx_word' id='word_1_351' title='bbox 1109 4361 1137 4407; x_wconf 86' lang='lat' dir='ltr'><strong><em>et</em></strong></span> <span class='ocrx_word' id='word_1_352' title='bbox 1157 4355 1216 4422; x_wconf 88' lang='lat' dir='ltr'>ipse</span> <span class='ocrx_word' id='word_1_353' title='bbox 1240 4353 1341 4404; x_wconf 83' lang='lat' dir='ltr'>instru-</span> 
     </span>
     <span class='ocr_line' id='line_1_43' title="bbox 237 4419 1340 4494; baseline 0 -22"><span class='ocrx_word' id='word_1_354' title='bbox 237 4419 395 4488; x_wconf 85' lang='lat' dir='ltr'>mentarius,</span> <span class='ocrx_word' id='word_1_355' title='bbox 410 4419 569 4492; x_wconf 78' lang='lat' dir='ltr'>desertaque</span> <span class='ocrx_word' id='word_1_356' title='bbox 586 4419 711 4478; x_wconf 72' lang='lat' dir='ltr'>catedra</span> <span class='ocrx_word' id='word_1_357' title='bbox 728 4432 831 4494; x_wconf 67' lang='lat' dir='ltr'>mauu,</span> <span class='ocrx_word' id='word_1_358' title='bbox 847 4420 936 4478; x_wconf 80' lang='lat' dir='ltr'>servis</span> <span class='ocrx_word' id='word_1_359' title='bbox 951 4429 1050 4478; x_wconf 69' lang='lat' dir='ltr'>nutum</span> <span class='ocrx_word' id='word_1_360' title='bbox 1065 4421 1210 4493; x_wconf 77' lang='lat' dir='ltr'>locupletes</span> <span class='ocrx_word' id='word_1_361' title='bbox 1231 4437 1340 4475; x_wconf 85' lang='lat' dir='ltr'>menen-</span> 
     </span>
    </p>
   </div>
   <div class='ocr_carea' id='block_1_6' title="bbox 0 0 1568 4959">
    <p class='ocr_par' dir='ltr' id='par_1_7' title="bbox 0 0 1568 4959">
     <span class='ocr_line' id='line_1_44' title="bbox 0 0 1568 4959; baseline 0 1"><span class='ocrx_word' id='word_1_362' title='bbox 0 0 1568 4959; x_wconf 95' lang='lat' dir='ltr'><strong><em> </em></strong></span> 
     </span>
    </p>
   </div>
  </div>
 </body>
</html>
