3125 4959
498 448 545 517 IN
567 449 730 518 LIBRUM
752 450 810 516 DE
831 446 1049 520 OSTENTIS.
1246 449 1320 526 401

226 611 304 674 nibil
321 612 388 675 dicc
403 612 441 674 de
456 615 522 673 aliis
534 612 684 693 lapidibus
703 611 826 673 easdem
840 616 932 694 siglas
946 613 1175 692 exhibentibus,
1198 636 1273 699 quos
1289 619 1322 678 in
1360 624 1362 631 '
1391 663 1394 668 .

225 705 339 759 muscis
361 702 465 759 ltaliae
488 710 552 757 tuan
573 701 700 778 publicis
722 711 788 756 tum
810 703 933 779 privatis
953 705 1017 780 ipse
1038 699 1116 775 ridi3
1147 704 1229 782 quod
1251 706 1321 764 illas

226 788 343 863 scriptis
363 806 460 864 nuper
478 782 564 841 editis
585 787 671 841 aliter
695 787 869 864 explicatas
885 805 949 844 esse
972 785 1099 844 videam.
1142 807 1321 846 coaevorum

225 880 328 928 autem
341 889 475 928 meorum
491 889 631 941 censura,
654 871 835 948 quinetiam
852 873 1021 944 mentione,
1043 873 1100 930 nisi
1119 867 1321 931 honoriticen-

224 955 340 1012 tissima
362 965 392 1013 et
410 956 577 1012 necessaria
598 951 777 1030 admodum,
806 973 884 1036 quae
902 965 1093 1014 mennatum
1114 967 1172 1032 est,
1200 976 1321 1038 semper

160 1040 169 1054 ⁸
223 1039 387 1098 abstinebo.

307 1144 338 1202 p·
353 1122 413 1186 348
429 1141 458 1179 v-
473 1121 505 1183 4·
547 1114 625 1183 καθ’
639 1112 678 1183 οὗ
688 1118 833 1202 φέρηται]
855 1123 898 1180 sic
913 1123 1029 1182 Caseol.
1041 1122 1096 1183 sed
1109 1145 1178 1182 oum
1190 1123 1239 1184 hic
1251 1137 1319 1185 tum

222 1207 299 1264 infra
313 1227 344 1266 v.
357 1208 388 1268 9.
431 1201 595 1283 legendum
614 1217 665 1264 aut
688 1206 828 1289 piparas,
850 1216 885 1264 ut
909 1217 954 1267 est
978 1211 1010 1266 in
1025 1207 1092 1269 cod.
1108 1212 1239 1287 Veneto,
1267 1221 1319 1270 aut

220 1284 297 1354 καθ’
316 1282 405 1355 odis
418 1289 553 1370 φέρηται.

304 1374 345 1435 ib.
370 1396 400 1434 v.
426 1377 477 1436 11.
518 1373 668 1454 πολεμίων
687 1370 743 1453 μὲν
762 1373 894 1454 ἔφοδον]
923 1375 1039 1436 easeot.
1062 1377 1217 1458 πολέμων·
1239 1378 1320 1438 coni.

216 1466 327 1607 'tament
352 1481 385 1540 p.
414 1458 478 1524 844
507 1463 538 1525 8·
568 1463 621 1524 21.
661 1457 725 1524 345
756 1461 789 1524 8.
839 1462 970 1521 Venetus
1000 1481 1120 1544 quoque
1148 1463 1199 1522 hic
1229 1462 1322 1523 habet

219 1550 293 1610 uolt
327 1568 380 1608 ων.

293 1570 334 1711 εἰ).
349 1628 412 1696 844
424 1648 455 1687 v·
466 1629 566 1692 8i1ua.
607 1637 772 1706 magnatum
783 1626 975 1707 aedificium]
999 1628 1086 1689 oud.
1100 1635 1181 1691 Fast.
1200 1639 1215 1698 1
1238 1636 1319 1700 609:

366 1723 472 1773 sancta
484 1722 593 1771 vocarat
608 1723 740 1790 augium
750 1723 871 1789 patres:
895 1725 1028 1792 augusta
1047 1728 1193 1775 vocantur

425 1798 537 1878 templa
549 1797 735 1854 sacerdotum
751 1799 808 1853 rite
823 1808 944 1854 sacrata
961 1819 1064 1858 manu.

305 1903 337 1962 p.
350 1880 413 1948 349
426 1902 456 1940 v·
472 1889 501 1946 1.
542 1879 634 1959 τέως]
657 1884 847 1939 restituamus
865 1883 1043 1958 particulam
1059 1881 1227 1956 sinebatis
1244 1905 1319 1944 con-

220 1965 282 2025 cilii
301 1968 508 2024 Lateranensis
524 1967 556 2022 in
571 1963 710 2021 laudibus
728 1967 897 2028 Constantis
912 1970 932 2027 2
949 1969 1137 2043 imperatoria
1154 1975 1173 2033 3
1195 1971 1258 2034 780
1273 1974 1318 2028 B:

218 2047 253 2114 vd
276 2048 317 2123 ὥς
338 2045 418 2129 clads
439 2042 656 2131 ἕγκατᾶλειμμΡ
673 2052 733 2110 τῶν
747 2070 778 2108 τε
793 2045 835 2121 ὥς
849 2043 923 2127 πρός
934 2046 1015 2127 ἡμᾶς
1032 2052 1100 2129 εἰκῆ
1111 2075 1142 2114 τε
1156 2053 1207 2114 καὶ
1221 2048 1321 2134 μάτην

218 2133 455 2215 διαφερομένων.
497 2135 634 2211 legamus
655 2136 717 2192 τῶν
735 2131 823 2207 τέως,
844 2132 996 2190 residuum
1021 2155 1122 2192 aarum
1143 2140 1199 2216 qui
1217 2139 1321 2198 adhuc

218 2219 304 2278 nobis
317 2230 421 2277 temera
433 2239 472 2276 aa
486 2238 565 2276 vane
580 2216 798 2305 contrudicpnt.
844 2218 932 2275 aliter
943 2220 1129 2297 interpretes.

301 2325 333 2382 Ρ.
353 2305 417 2367 850
438 2323 468 2361 v.
490 2305 521 2366 2.
565 2300 795 2380 εἰσκαθίζουσιῙ
821 2298 859 2359 de
881 2299 938 2360 hcc
959 2305 1051 2363 verbo
1073 2308 1141 2364 silet
1164 2305 1196 2362 iu
1217 2306 1319 2366 lexico

218 2386 419 2449 Schneiderus
441 2390 487 2446 vir
507 2387 578 2444 clar.
622 2386 749 2447 occurrit
768 2387 861 2444 etiam
880 2386 961 2466 apud
979 2389 1011 2446 S.
1025 2393 1169 2448 Ioaranem
1185 2388 1320 2470 Chryso-

218 2484 350 2534 stomum
372 2483 446 2530 orat.
464 2475 504 2547 83
525 2473 558 2529 iu
581 2490 700 2530 cursem
719 2462 750 2536 dt
769 2471 988 2532 confessionem
1002 2474 1160 2539 latronis5
1182 2475 1244 2540 570
1264 2475 1317 2554 tt,

218 2561 245 2619 si
258 2569 359 2618 tamen
372 2557 415 2614 ibi
428 2558 516 2615 lectio
530 2557 655 2614 sincera.
1282 2578 1284 2584 ¹

302 2642 461 2706 rba-10.
502 2636 673 2716 ταῦταμὲν
696 2635 821 2718 draca]
851 2658 929 2721 quae
949 2651 1128 2723 sequuntur,
1158 2660 1253 2722 usqua
1277 2640 1317 2701 ad

216 2728 308 2789 finam
324 2747 355 2807 Ρ.
371 2726 450 2801 356,
471 2744 542 2785 cusa
555 2734 675 2784 exstant
689 2727 722 2782 in
737 2722 787 2784 ad.
803 2722 982 2786 Schowiaua
1001 2728 1070 2784 libri
1091 2726 1128 2786 de
1148 2727 1315 2806 mensibus,

216 2834 237 2893 Ρ
302 2897 343 2956 ib,
360 2916 390 2955 v.
407 2898 457 2959 18.
499 2890 669 2978 Βιηέλλιος]
693 2890 848 2969 Symbols'k
867 2892 934 2951 und
951 2891 1141 2971 Mythologie
1161 2893 1215 2952 der
1232 2894 1317 2954 allen

220 2983 342 3054 Wlker,
363 2990 386 3038 t.
402 2984 439 3054 2,
458 2981 578 3058 Lipsiae
593 2981 683 3051 1820,
698 2980 728 3050 8,
750 2996 781 3054 Ρ.
796 2979 859 3040 927
878 2988 941 3036 not.
957 2983 1032 3052 132,
1054 2989 1173 3054 auctor,
1196 2998 1316 3041 summo

214 3070 262 3125 vir
273 3068 394 3145 ingenio
409 3064 631 3144 cruditioueque
644 3062 881 3139 incomparabili,
903 3063 993 3120 allato
1009 3061 1067 3120 hoc
1082 3064 1148 3122 loco
1160 3066 1315 3146 nyovlor,

214 3151 248 3209 id
265 3163 310 3209 est
327 3149 470 3228 Figulus,
488 3149 650 3230 legendum
663 3166 727 3205 esse
742 3167 804 3204 nou
818 3147 943 3205 infirmis
961 3149 1124 3206 rationibus
1139 3151 1244 3206 nititur
1258 3170 1315 3228 ap-

215 3237 352 3316 probare.
395 3233 552 3299 sedenim
571 3254 603 3312 Ρ.
619 3236 681 3297 276
702 3235 745 3295 22
767 3241 812 3289 est
826 3233 858 3288 iu
875 3234 896 3290 G
912 3234 1080 3311 βεκελλιου,
1102 3230 1152 3290 hic
1168 3235 1314 3312 βικελλιος

215 3319 318 3401 (quod
331 3321 428 3396 magis
439 3310 579 3397 ,placet-²),
609 3328 640 3374 et
659 3318 691 3373 in
709 3314 810 3374 codice
824 3318 959 3376 Romano
973 3315 1171 3376 bibliothecae
1184 3319 1313 3396 Angeli-

215 3427 283 3480 cae,
307 3403 387 3462 uude
400 3402 483 3461 idem
496 3391 698 3480 frssmentum
712 3397 749 3456 de
762 3403 988 3460 terraemotibus
1004 3400 1199 3478 descripserat
1212 3399 1312 3461 Scho-

213 3493 307 3564 wius,
328 3487 471 3561 Βικέλιος.
512 3482 603 3566 alque
617 3483 700 3543 baud
714 3487 775 3542 scio
790 3505 867 3542 aune
883 3505 958 3564 opus
973 3488 1012 3542 sit
1024 3485 1104 3541 abire
1117 3504 1135 3541 a
1150 3488 1311 3564 scriptione

142 3597 145 3600 ·
215 3575 362 3635 codicum.
405 3574 477 3630 alibi
491 3578 610 3651 quoque
622 3567 655 3627 id
668 3587 790 3640 atamen,
814 3579 865 3625 aut
881 3580 959 3626 certe
974 3570 1081 3642 simile,
1104 3572 1230 3648 reperio,
1253 3591 1312 3630 uo-

211 3662 352 3719 miuatim
373 3657 452 3737 apud
474 3660 578 3717 loann.
598 3655 774 3730 Marangoni
788 3653 870 3711 Actis
886 3653 920 3713 S.
936 3649 1061 3714 Victoris
1079 3656 1178 3717 16οΑ
1194 3665 1224 3713 et
1239 3657 1311 3716 Mu-

214 3756 303 3806 rator.
322 3764 354 3824 p·
367 3746 450 3809 2096
474 3743 506 3806 8·

534 3827 537 3830 ’
627 3823 671 3879 Μ.
692 3821 832 3881 VICELI.
853 3822 894 3880 Π.

533 3920 535 3955 ⁷
660 3906 866 3966 vlcamouv

661 3990 859 4050 LlBERTVS

643 4077 679 4136 V.
701 4079 739 4134 A.
760 4075 874 4134 xxvlt

210 4161 403 4224 liselliorum
420 4162 587 4222 Varronum
612 4179 687 4239 gens
710 4182 727 4219 e
746 4161 887 4220 cicerone
904 4170 981 4254 eque
999 4155 1118 4218 Valerio
1138 4159 1308 4225 Maximoti

210 4250 232 4311 2
252 4251 274 4312 2
294 4257 341 4305 est
359 4249 526 4307 notissima.
954 4297 957 4309 .

293 4350 325 4409 p·
346 4334 408 4394 357
428 4333 518 4390 irucr.
562 4327 621 4390 hoo
642 4326 828 4402 calendario,
850 4325 888 4386 de
910 4344 971 4406 quo
993 4326 1155 4385 sententias
1174 4325 1307 4384 maxima

211 4413 343 4476 diversas
357 4433 376 4472 a
389 4416 539 4476 salmasio
553 4415 594 4476 ad
608 4415 747 4477 Solium
760 4432 779 4473 a
792 4414 977 4494 Petavioqua
995 4413 1123 4492 praefat.
1132 4408 1178 4479 ,ad
1192 4413 1308 4471 Urano-

252 4508 366 4563 lmsss
386 4506 485 4576 ludas.
743 4557 749 4567 ,
1060 4499 1103 4562 26
