3125 4959
640 452 698 519 nu
724 427 941 522 osmnns.
1263 461 1337 531 oss

238 611 349 699 ἐπειδὴ
371 614 407 682 δὲ
427 610 523 701 ἡμῖν,
553 615 632 696 τοῦς
652 614 685 697 ἐξ
704 614 839 695 Ἰταλίας
860 618 963 705 φημί,
989 617 1094 704 Τοίγης
1117 614 1255 705 ἆργηγῦς
1275 627 1337 689 τοῦ

238 713 431 801 πράγματος
454 714 603 799 γέγονεν,
638 715 832 786 ἀκόλουθον
852 728 921 799 τοῖς
943 717 1049 788 αὐτοῦ
1073 718 1200 807 ρ’ήμασι
1214 725 1336 807 χρήσα-

240 825 336 892 σθαι,
367 824 490 892 μᾶλλον
511 818 546 885 δὲ
566 824 608 905 τῇ
627 818 755 888 τούτων
775 822 904 908 ἐννοίᾳ·
935 830 1005 899 τοῖς
1026 822 1090 907 γὰρ
1113 822 1337 908 ἀρχαιοτέροις

190 922 191 925 ’
239 916 400 1006 ιίνόμασιν
431 920 538 986 ἐκεῖνα
568 925 761 1008 συγκείμενα
795 924 1135 1009 δνσπαρακολοῦθητιί
1168 925 1238 1003 πιίς
1268 928 1338 997 ἐστι

212 1023 295 1089 suoi
317 1018 359 1089 ου’
380 1020 512 1106 σφόδρα
534 1029 624 1108 σαφή
646 1063 769 1085 ·······
793 1031 937 1105 λοιποῖς,
964 1024 1124 1112 Τοίρχοντί
1139 1050 1172 1094 τε
1192 1039 1239 1109 τῳ*
1253 1038 1338 1097 θυο-

239 1122 351 1209 σκόπῳ
373 1124 430 1189 καί
453 1123 610 1215 Ταρκύτῳ
630 1130 677 1213 τῷ
698 1135 806 1204 τελεοτῇ
827 1132 875 1187 καὶ
895 1129 1057 1195 naasson
1078 1131 1174 1210 icosi,
1198 1129 1279 1198 ὥστε
1299 1132 1338 1199 ἐκ

240 1230 307 1305 νῦν
335 1232 417 1293 πᾶσι
445 1224 577 1305 τούτοις
607 1218 774 1314 εἰρημένον
803 1232 949 1303 γλαφυράν
977 1254 1051 1296 τινα
1079 1230 1248 1311 διαπλέξαι
1275 1239 1338 1302 τοῦ

238 1326 431 1414 πράγματος
450 1326 622 1411 ἁρμονίαν.
667 1332 719 1397 δεῖ
736 1338 831 1390 τοίνυν
851 1329 1079 1416 ἀφηγήσασθαι
1094 1339 1227 1415 πρῶτον
1240 1336 1289 1413 τίς
1302 1359 1339 1402 τε

160 1472 162 1475 .
240 1422 339 1509 οὖτος
365 1428 385 1498 δ
419 1428 526 1515 Τοίγης
557 1430 613 1497 καί
641 1434 726 1510 τίνες
754 1434 788 1499 oi
815 1438 936 1506 λοιποί,
971 1439 1019 1494 καί
1048 1434 1124 1504 ὅπως
1149 1434 1339 1522 γράμμασιν

197 1531 451 1618 1θίνεπιστεῦθη
472 1531 562 1617 παρὰ
583 1532 620 1599 τῦ
643 1540 790 1626 κρατοῦν
810 1533 847 1601 ἓν
867 1542 937 1614 τοῖς
957 1536 1050 1618 ἱεροῖο
1066 1540 1102 1595 τὰ
1119 1546 1253 1605 τοιαῦτα.

322 1640 354 1701 3.
402 1633 549 1718 Τιίρχοιν,
570 1632 674 1722 ταύτῃ
696 1636 779 1721 ἔχειν
798 1638 859 1722 τήν
879 1639 1114 1721 προσηγορίαν,
1135 1637 1219 1723 ιίνήρ
1239 1643 1339 1725 γέγονε

157 1778 159 1780 -
236 1736 287 1811 μὲν
307 1734 514 1817 θυροκόπος,
537 1736 581 1817 ὥς
603 1736 704 1817 αὐτὸς
725 1738 777 1806 ἐπὶ
799 1745 858 1824 τῆς
880 1744 1011 1824 γραφῆς
1032 1740 1265 1827 εἰσενήνεκται,
1290 1739 1338 1822 εἷς

236 1844 294 1898 τῶν
319 1838 375 1898 tas
408 1844 586 1924 Τυρρηνοῦ
615 1841 676 1908 τοῦ
704 1842 820 1911 Λυδοῦ
849 1842 1084 1927 διδαχθένταν.
1125 1842 1182 1911 καί
1209 1844 1273 1927 γὰρ
1295 1846 1337 1929 δή

211 1974 213 1979 ⁷
236 1946 309 2018 τοῖς
339 1937 489 2006 Θούσκων
515 1944 661 2013 κυάμοισι
689 1946 793 2007 ταῦτα
822 1944 1000 2027 δηλοῦται,
1035 1944 1129 2011 οῦπιο
1157 1951 1338 2029 τηνικαῦτα

197 2055 230 2109 15
239 2036 310 2118 τοί-ς
336 2040 453 2119 τόποις
479 2040 615 2119 ἐκείνοις
641 2038 823 2123 Εὐάνδρου
852 2049 914 2108 τοῦ
933 2042 1090 2124 Ἀρκάδος
1111 2045 1337 2128 ἐπιφανέντος.

235 2134 279 2227 ήν
300 2141 336 2218 δὲ
356 2137 490 2217 ἀλλοῖός
510 2166 560 2217 τις
582 2140 601 2208 ὁ
623 2147 690 2209 τῶν
709 2143 909 2227 γραμμάτων
930 2143 1047 2223 τύπος,
1070 2144 1127 2211 καί
1149 2143 1229 2213 ου’δὲ
1250 2146 1339 2226 ὅλως

236 2240 524 2328 καδημαξευμένος
551 2237 648 2342 ήμῖν·
683 2236 705 2327 ή
735 2246 800 2326 γδρ
829 2244 871 2310 δν
899 2251 967 2313 τῶν
996 2244 1193 2333 ἀπορρήτων
1221 2272 1254 2314 τε
1282 2252 1339 2316 καί
1403 2243 1405 2247 ’

238 2343 507 2429 ἀναγκαιοτέραν
528 2341 627 2409 ου’δὶν
648 2342 773 2425 ἔμεινεν
797 2339 874 2426 ἄχρι
894 2354 955 2412 τοῦ
971 2348 1136 2429 παρόντος
1157 2349 1338 2421 λανθάνον.

238 2448 322 2533 φησί
349 2446 464 2515 τοίνυν
492 2444 510 2517 ὁ
541 2441 677 2531 Τιίρχωυ
698 2444 749 2511 ἐπὶ
769 2449 831 2511 τοῦ
852 2447 1119 2531 συγγράμματος,
1150 2451 1231 2534 ὅπερ
1254 2449 1339 2521 εἷναί

196 2568 324 2630 tortose
348 2547 493 2635 Τίγητος
512 2544 766 2627 ὑποπτεύουσιν,
789 2545 959 2633 ἐπειδήπερ
982 2549 1049 2616 ἐκεῖ
1067 2550 1150 2618 κατοί
1171 2576 1245 2618 τινα
1266 2556 1339 2619 δια-

238 2651 376 2739 λογικήν
404 2650 536 2735 ὁμιλίαν
563 2650 669 2737 ἐρωτᾷ
690 2650 750 2737 μὲν
772 2646 914 2736 δήδενὸ
940 2650 1094 2738 Tonzos,
1123 2649 1338 2734 ἀποκρίνεται

238 2755 275 2825 δὲ
296 2752 315 2823 δ
340 2752 449 2840 Τοίγης
468 2751 514 2830 ὥς
533 2758 790 2838 προσκαρτερεῖν
808 2750 959 2821 ἑκάστοτε
978 2762 1047 2833 τοῖς
1062 2757 1172 2838 ίεροῖς,
1194 2751 1239 2831 ὦς
1254 2759 1337 2827 torto

238 2856 445 2943 συμβέβηκεν
468 2850 559 2941 αὐτῷ
581 2854 666 2924 κατοί
686 2880 760 2923 τινα
780 2854 904 2941 χρόνον
927 2849 1338 2939 ιίροτριῶνιιθαυμιίσιόν

238 2984 286 3045 τι,
316 2954 391 3043 οἷον
420 2954 500 3025 οῦδὲ
527 2953 647 3045 διιήκοέ
674 2982 723 3039 τις
751 2957 789 3025 ἐν
813 2962 861 3047 τῷ
887 2959 985 3026 παντὶ
1012 2956 1120 3047 χρόνῳ
1141 2956 1336 3044 γενόμενον·

308 3135 321 3186 1
340 3134 401 3193 τοῖς
417 3128 513 3183 molita.
620 3126 909 3199 itempraeceptum
925 3129 959 3183 c.

238 3300 317 3349 vero,
341 3280 392 3333 hoc
407 3291 450 3337 est
465 3282 539 3337 Ituiis
552 3281 716 3350 hominibus,
742 3284 951 3355 quondoquidem
968 3282 1058 3350 Tages
1075 3288 1167 3335 auctor
1182 3282 1338 3349 disciplinae

239 3353 306 3421 soit,
324 3362 527 3405 consentaneum
546 3361 587 3405 est
606 3352 684 3403 dictis
699 3353 755 3405 eius
770 3354 812 3405 vel
830 3353 917 3421 potius
935 3353 1068 3410 sententia
1080 3364 1218 3419 menteque
1235 3352 1336 3405 iliorum

238 3422 286 3477 uti.
323 3420 418 3473 etenim
432 3424 521 3475 verbis
538 3420 633 3491 priscis
652 3428 780 3489 concepta
798 3438 830 3472 ea
847 3420 969 3478 difficilia
984 3421 1117 3473 intellectu
1134 3437 1220 3487 nequo
1238 3420 1275 3471 itu
1293 3421 1335 3471 di-

237 3490 324 3544 lucids
341 3497 409 3542 sunt.
446 3506 532 3558 neque
551 3490 634 3543 minus
654 3498 756 3541 utemur
773 3490 899 3558 reliquis,
920 3490 1071 3543 Tarchonte
1087 3488 1223 3607 aruspice,
1240 3489 1338 3541 [Τοι-

237 3560 323 3629 quitio
343 3576 405 3627 rege
419 3570 578 3627 tsacrorum,
604 3558 734 3627 Capitone
752 3561 896 3626 pontitice,
921 3566 951 3610 ut
972 3575 1005 3609 ex
1021 3556 1132 3608 omnium
1160 3575 1242 3612 rorum
1259 3559 1338 3611 dictis

238 3628 389 3682 continuam
407 3627 549 3680 efficiamus
567 3626 711 3695 argumenti
728 3630 952 3697 compositionem.
987 3634 1093 3695 oportet
1112 3625 1194 3693 igitur
1213 3645 1339 3680 enarrare

237 3698 348 3781 primum
366 3697 424 3766 quis
447 3695 528 3761 suerit
545 3695 568 3747 is
585 3695 756 3765 'l'ages‚·qui
780 3696 889 3765 reliqui,
912 3710 1018 3761 quoque
1036 3696 1126 3760 modo,
1149 3696 1223 3749 iuxta
1239 3714 1338 3762 mosem

237 3784 265 3819 ru
281 3767 364 3818 sacris
380 3775 528 3829 servatum,
547 3764 574 3815 id
592 3784 674 3831 genus
692 3765 847 3833 disciplinae
864 3762 946 3816 literis
962 3764 999 3815 sit
1014 3766 1172 3815 nrandatum.
1190 3766 1193 3769 ⁴

307 3837 334 3888 3.
370 3835 495 3887 'leschon
509 3832 556 3900 (id
573 3833 598 3883 ei
615 3837 725 3903 nomen)
744 3852 859 3904 aruspex
875 3833 941 3898 fuit,
965 3841 994 3883 ut
1011 3831 1069 3902 ipse
1087 3833 1115 3885 iu
1132 3832 1231 3904 scripto
1249 3833 1338 3900 affort,

237 3920 304 3956 unus
328 3906 361 3956 de
384 3903 435 3956 iuis
460 3903 506 3973 qui
529 3920 545 3955 s
567 3902 709 3968 Tyrrheno
733 3904 810 3969 Lydo
833 3897 919 3955 edocti
942 3909 1013 3954 sunt.
1057 3901 1229 3954 Etruscorum
1253 3901 1338 3954 literis

236 3973 391 4041 aperiuntur
415 3973 495 4040 lieec,
522 3988 606 4038 neque
631 3972 692 4025 dum
713 3972 741 4025 in
763 3972 828 4026 locis
850 3972 900 4022 iliis
925 3971 1051 4022 Evander
1067 3971 1148 4023 Arcus
1167 3980 1336 4039 apparuerat.

237 4052 296 4093 erat
309 4050 397 4098 autem
412 4050 475 4093 tunc
492 4040 543 4093 alia
559 4039 692 4093 literarum
712 4043 814 4109 figura,
840 4059 888 4093 nec
904 4036 1011 4108 piorsus
1029 4049 1175 4108 pervagata
1190 4041 1259 4105 apud
1273 4056 1337 4093 nost

237 4109 314 4162 aliter
331 4110 399 4164 euim
416 4128 448 4163 ex
466 4110 577 4163 secretis
599 4111 809 4179 necessariisque
832 4108 895 4163 nihil
913 4110 946 4162 ad
964 4110 1032 4161 hanc
1048 4109 1117 4161 diem
1134 4108 1274 4160 munisset
1290 4125 1337 4161 oc·

237 4177 343 4231 cultum.
379 4180 417 4231 ait
430 4178 511 4246 igitur
526 4178 649 4231 Tarchon
664 4178 691 4229 iu
709 4181 825 4247 script-0,
842 4178 913 4247 quod
931 4179 1024 4245 Togae
1042 4195 1101 4230 esse
1116 4185 1177 4228 suut
1190 4176 1235 4244 qui
1249 4175 1337 4245 suspi-

236 4256 344 4311 centur,
370 4249 440 4317 qnod
458 4246 513 4314 ibi,
538 4246 566 4299 in
602 4264 708 4299 ersonos
727 4248 868 4301 distributo
887 4265 1023 4313 sermone,
1050 4247 1196 4311 interrogat
1213 4244 1339 4297 videlicet

236 4315 377 4381 'l'arcimn‚
399 4318 544 4385 respondet
591 4334 653 4384 ages
673 4324 765 4383 utpote
786 4316 891 4367 assidue
909 4334 1014 4385 operam
1031 4315 1095 4369 dans
1113 4314 1210 4367 sacris:
1233 4315 1280 4366 sed
1300 4315 1339 4367 sis

157 4423 160 4431 .
235 4384 305 4437 forte
327 4384 456 4438 occidisse
480 4385 531 4439 sibi
554 4403 611 4438 cum
637 4392 724 4439 araret
741 4386 852 4453 quodam
872 4383 990 4439 diesem
1007 4384 1165 4450 mirabilem,
1192 4391 1220 4435 et
1236 4382 1337 4450 «letalem

236 4469 310 4509 nemo
327 4452 443 4510 audierit
460 4471 573 4527 uuquam
589 4454 660 4510 omui
676 4454 800 4510 memoria
817 4454 950 4511 evenisse.
986 4453 1121 4512 exstitisse
1144 4452 1212 4510 euim
1233 4469 1249 4504 e
1266 4451 1338 4507 sulco
