3125 4959
231 419 305 495 204
623 422 792 492 tutunus
821 422 923 492 urm

229 591 321 678 νόμος
333 591 576 683 πρόςῖίρκαόίου
592 596 710 664 τίθεται
714 645 725 678 ,
749 597 901 677 θεσπίζων
915 587 1029 677 ἰδιάζον
1044 595 1095 662 καί
1109 587 1205 682 πάντῃ
1220 619 1314 680 κεχιο-

228 699 368 786 ρισμίνον
388 696 528 784 σόστημα
548 698 709 788 τριάκοντα
723 699 775 768 τόν
788 700 921 788 ἀριθμόν
933 700 1068 785 ἀνδρῶν,
1094 698 1153 782 ἤδη
1170 695 1315 785 πρότερον
1348 722 1353 728 ’

230 803 264 866 ἓν
282 806 325 889 τῷ
344 807 471 885 βοηθεῖν
494 803 748 892 διαφαινομίνων,
778 811 926 886 συστῆσαι
945 802 1002 887 τὴν
1025 799 1215 888 ἓπαρχότητα
1238 799 1315 886 πρός

228 900 393 990 ὖπηρεσίαν
405 902 508 992 ἑαυτῇ.
558 907 628 972 οὐδὲ
642 905 700 993 γάρ
716 906 832 992 εὗχερές
846 898 883 989 ἦν
898 906 933 970 τό
948 900 1127 988 τηνικαῦτα,
1149 910 1210 968 τών
1223 910 1316 985 βασι-

228 1007 304 1071 λέων
318 1003 383 1089 ἅμα
397 1013 436 1093 τῇ
449 1014 549 1096 βουλῇ
562 1010 650 1086 δίκας
664 1009 862 1096 ἀκροωμένων
866 1055 876 1087 ,
900 1017 964 1085 τοῖς
976 1005 1074 1073 πάντα
1090 1007 1225 1094 ἀρίστοις
1235 1002 1340 1088 νάπη-5

228 1117 339 1194 ρετεΐν·
363 1107 439 1175 diota
459 1112 510 1175 καί
530 1114 739 1177 πεντεκαίδεκα
755 1106 904 1188 ἐξαύτῶν
922 1117 982 1176 τοῖν
998 1109 1214 1193 πεπανωτίρων
1228 1109 1317 1198 πείρα

227 1235 261 1276 τε
287 1212 340 1275 καὶ
364 1217 409 1299 τῷ
429 1210 532 1300 χρόνῳ
556 1212 732 1301 κρειττόνων
754 1213 832 1301 πρὸς
854 1210 1034 1300 ὑπογραφὴν
1056 1221 1120 1289 τοῖς
1141 1215 1317 1292 βασιλεῦον

227 1313 458 1402 ἀφορισθῆναι,
491 1313 545 1393 alig
565 1315 608 1383 i'ss
633 1319 685 1381 καί
708 1323 763 1382 νῦν
785 1313 993 1401 δηπουτότους
1015 1320 1176 1391 καλοῦσα,
1209 1312 1244 1379 ol
1262 1317 1318 1376 τοῦ

226 1411 383 1501 τάγματος
400 1424 461 1482 τῶν
482 1419 720 1504 Αδγουσταλίων
735 1415 955 1507 πρωτεύουσιν·
979 1415 1064 1483 οόπω
1079 1416 1142 1503 γάρ·
1152 1407 1192 1500 ἦν
1205 1415 1240 1480 τό
1257 1420 1318 1478 τῶν

227 1515 298 1606 άρτι
319 1519 539 1606 παραφυίιτων
557 1519 723 1609 άσηκρήτις
740 1519 854 1604 όνομα,
876 1522 1006 1608 μετρίων
1024 1518 1148 1606 σφόδρα
1163 1525 1225 1584 τῶν
1238 1527 1360 1603 χρη-10

227 1627 364 1703 ματικών,
384 1619 534 1705 ζητήσεων
554 1624 668 1704 addaiu,
689 1629 750 1690 τῶν
765 1626 822 1707 μὲν
837 1623 1010 1708 ἧιπροσθεν
1021 1623 1173 1706 βασιλείων
1186 1623 1235 1686 tul
1247 1619 1319 1696 νοός

227 1717 381 1806 πολίμους,
392 1721 556 1810 ὁρμώντων
561 1774 573 1806 ,
598 1729 649 1792 καὶ
660 1733 723 1792 τῶν
734 1726 792 1803 τάς
804 1726 951 1813 ίπαρχίυς
959 1721 1127 1790 ίθυνόντων
1138 1732 1203 1799 τοῖς
1214 1718 1320 1806 νόμοις

227 1823 300 1888 ἀλλ’
318 1825 354 1890 οδ
368 1835 436 1902 ταῖς
448 1831 574 1915 κλοπαῖς
587 1821 908 1914 προσαγρυπνοόντων.
957 1835 1002 1914 τῷ
1024 1828 1057 1891 δὲ
1072 1824 1242 1908 συστήματι
1259 1831 1320 1888 τῶν

230 1927 392 2014 είρημίνων
401 1926 563 2015 τριάκοντα
577 1929 696 2016 άνδρών
709 1930 765 2012 τὴν
774 1936 837 1995 τών
846 1925 1112 2013 Αόγουσταλίωνό
1124 1926 1217 2006 νόμος
1229 1926 1317 1990 ἴδετο

227 2031 448 2116 προσηγορίαν,
467 2030 503 2094 οὗ
518 2031 622 2112 καινὴν
637 2032 708 2098 otti
721 2030 918 2120 πρόσφατον,
934 2030 990 2113 τὴν
1006 2031 1040 2092 dd
1053 2018 1244 2112 τοῦπρώτου
1256 2032 1318 2091 τῶν
1327 2032 1360 2087 15

224 2134 377 2214 βασιλέων
399 2131 563 2214 όνομασίαν
585 2133 861 2215 ἀνακαλεσάμενος,
893 2127 935 2206 ὡς
954 2127 1100 2205 πολλάκις
1121 2129 1256 2214 ἔφαμεν,
1284 2128 1320 2204 ὃς

224 2239 347 2318 πρώτος
367 2235 422 2317 τὴν
443 2233 632 2320 ἰπαρχότητα
651 2232 879 2325 συρτησάμενος
893 2239 954 2296 τών
970 2233 1162 2319 πραιτωρίων
1175 2230 1248 2307 τοδς
1259 2229 1317 2295 ὑπ’

226 2334 306 2420 αὐτῇ
323 2340 482 2413 τελοῦντας
494 2337 744 2422 Αάγουσταλίους
757 2337 791 2401 la
804 2343 860 2418 τῆς
874 2336 984 2413 οίκείας
996 2335 1202 2423 προσηγορίας
1218 2340 1318 2399 καλεῖ-

225 2440 304 2501 σθαι
323 2433 469 2523 διώρισεν.

332 2539 388 2609 ll·
438 2545 510 2605 Τῶν
534 2538 696 2618 πλείστων,
722 2535 803 2624 τάχα
826 2539 862 2604 δὲ
882 2537 1002 2606 πάντων
1022 2545 1082 2604 τῶν
1101 2539 1192 2619 ίχνιόν
1205 2535 1361 2601 ‹imola-2⁰

227 2642 343 2726 φάντων
359 2647 414 2725 τῆς
432 2640 584 2731 ἔμφρονος
604 2639 820 2727 παλαιότητος,
846 2641 901 2707 ouis
921 2640 981 2719 ἕξω
1001 2637 1143 2727 δακρόων
1157 2665 1204 2715 τις
1216 2641 1318 2704 διατε-

227 2749 288 2807 λῶν
311 2741 483 2828 όπομείνοι,
506 2741 679 2829 γιγνώσκων
703 2745 736 2810 dx
760 2751 822 2810 τών
845 2741 1048 2827 ὑποκειμένοιν
1066 2745 1150 2819 ὅπως
1170 2742 1318 2824 ἀντείχετο

226 2847 298 2932 πρίν
315 2844 332 2910 ὅ
347 2845 440 2930 νόμος
455 2854 510 2932 τῆς
524 2853 584 2913 τών
599 2843 740 2930 ὖπηκόων
754 2849 929 2936 ἐλευθερίας
934 2896 945 2927 ,
967 2849 1018 2912 καί
1040 2844 1121 2913 ὅσων
1143 2843 1222 2910 κατὰ
1245 2867 1318 2926 σμι-

296 3056 311 3108 1
336 3051 448 3120 ἰδιάζον
460 3058 495 3112 Ο.
631 3057 648 3111 6
672 3055 742 3122 νοός
757 3057 866 3120 πάντας
881 3051 1011 3124 dolarcus·
1027 3056 1062 3111 O.
1200 3055 1234 3110 16
1250 3050 1267 3110 ti
1284 3054 1318 3108 C.

294 3125 330 3180 20
344 3120 558 3194 άπαλοιφέντιον
571 3125 660 3195 uulgo.
761 3129 797 3182 21
812 3126 873 3195 lego
890 3126 1026 3180 διατελεῖν
1038 3121 1186 3194 διαμένοι.
1201 3127 1237 3178 1¹¹.

226 3310 339 3366 Arcadio
352 3311 422 3380 lata,
447 3311 567 3366 sanciens
583 3321 612 3366 ut
628 3312 760 3384 peculiare
776 3330 808 3365 ac
826 3330 934 3383 prorsus
950 3318 1100 3383 separatum
1116 3309 1251 3380 collegium
1268 3308 1319 3362 tri-
1377 3364 1381 3368 .

165 3383 168 3390 ’
225 3381 298 3448 ginta
315 3397 421 3434 numero
434 3381 564 3446 virorum,
585 3381 630 3450 qui
645 3382 694 3434 iam
709 3391 787 3435 antea
800 3381 870 3434 iuter
883 3383 1018 3435 adiutores
1031 3381 1217 3446 minuissent,
1239 3394 1318 3448 prae-

227 3451 328 3502 fectura
347 3449 516 3502 ministerium
541 3450 593 3516 sibi
617 3451 798 3503 constitueret.
833 3467 920 3520 neque
943 3451 1010 3503 etaim
1031 3459 1100 3515 tum,
1118 3446 1319 3520 imperatoribus

224 3533 350 3570 unacum
370 3527 462 3572 senatu
481 3535 573 3572 causas
592 3519 771 3585 audientibus,
791 3519 877 3571 omnia
893 3519 1124 3590 praestantissimis
1143 3516 1222 3571 facila
1240 3514 1318 3568 mini-

225 3585 333 3638 sterium
347 3587 412 3654 luit,
429 3587 495 3640 adco
510 3597 540 3641 ut
555 3599 588 3640 ex
603 3587 669 3657 ipsis
686 3587 869 3641 maturioribus
886 3605 987 3658 usuque
1003 3606 1035 3641 ac
1050 3596 1167 3656 tempore
1180 3593 1318 3655 praestan-

225 3654 312 3714 tibus,
335 3656 483 3722 quindecim
506 3657 706 3724 imperatoribus
723 3665 878 3725 exceptores
895 3656 988 3711 selecti
1001 3657 1072 3725 siut,
1097 3673 1164 3725 quos
1180 3654 1320 3707 etiamnum

226 3725 365 3793 deputatos
378 3734 488 3793 vocant,
506 3725 551 3795 qui
564 3725 742 3794 Augustalium
760 3724 859 3778 ordinis
875 3725 1007 3796 principes
1020 3734 1091 3780 sunt.
1124 3725 1234 3776 necdum
1250 3720 1320 3775 enirn
1367 3761 1372 3772 .

226 3807 311 3860 nuper
328 3801 473 3847 creatorum
490 3812 507 3848 a
522 3795 632 3847 secretis
655 3812 747 3847 nomen
770 3803 841 3859 erat,
867 3795 977 3848 modicis
1002 3795 1138 3848 admodum
1161 3789 1319 3862 pecuniariis

224 3859 437 3928 quaestionibus,
457 3879 514 3944 curu
532 3862 634 3945 priores
641 3862 822 3945 ‘imperatores
838 3863 867 3944 ip
882 3863 953 3946 bella
968 3863 1213 3946 proficiscerentur,
1230 3867 1316 3912 recto-

226 3945 271 3981 res
288 3936 374 4010 autem
390 3945 583 4010 pronunciatum
597 3931 700 4000 tegnas
736 3949 788 3985 non
805 3948 905 4000 rapunrs
922 3933 1073 4000 augularem.
1107 3930 1217 3998 collegio
1233 3936 1318 3980 autem

224 3997 327 4050 illorum
340 4005 450 4064 ungunta
462 3997 577 4050 virorum
590 3971 768 4068 Augustalium
780 4018 873 4052 nomen
887 4000 929 4053 lex
943 4003 1044 4071 posuit,
1062 4018 1114 4052 non
1127 4016 1221 4052 novum
1235 4010 1320 4062 neque

226 4082 327 4131 recens,
344 4067 391 4118 sed
407 4065 485 4134 primi
502 4067 647 4137 principum
664 4069 775 4121 nominis
792 4070 940 4121 memoriam
955 4087 1092 4137 revocans,
1111 4067 1165 4138 qui,
1183 4065 1220 4118 uti
1238 4079 1319 4131 saepe

226 4134 346 4200 diximus,
364 4151 420 4186 cum
435 4136 627 4202 praefecturam
645 4139 770 4206 praetorii
789 4138 887 4206 primus
902 4138 1069 4208 instituisset,
1087 4137 1115 4190 in
1133 4152 1165 4188 ea
1179 4133 1319 4186 utilitatum

225 4202 380 4271 Augustales
398 4221 414 4255 a
431 4219 479 4255 suo
496 4203 600 4256 nomine
617 4206 744 4286 appellari
761 4206 853 4260 voluit.
1109 4212 1112 4222 '

295 4273 338 4324 11.
374 4270 500 4340 Vestigiis
523 4274 658 4342 prudentis
681 4274 847 4344 antiquitatis
869 4274 1004 4329 maximam
1026 4279 1126 4342 purtem
1152 4287 1183 4322 ec
1204 4270 1319 4321 fortasse

224 4338 344 4394 omnibus
358 4340 507 4408 exstinctis,
529 4357 546 4392 a
559 4340 672 4395 lacrimis
689 4344 742 4396 sibi
760 4362 812 4396 non
828 4341 1032 4414 temperaverit,
1054 4339 1100 4408 qui
1117 4357 1133 4390 e
1149 4337 1320 4407 sequentibus

225 4406 353 4476 intelliget
368 4411 496 4478 quomodo
511 4409 572 4464 olim
590 4409 686 4465 civium
705 4411 822 4466 libertati
842 4412 886 4468 lex
900 4408 1072 4479 consuluerit,
1096 4415 1212 4478 quotque
1228 4405 1318 4478 paulu·
1348 4416 1352 4422 '
