3125 4959
421 440 479 506 DE
502 436 840 506 MAGISTRATIBUS
865 439 899 506 P.
917 438 958 507 R.
984 439 1062 506 ΗΒ.
1082 438 1110 506 1.
1239 439 1310 510 131

217 615 332 694 σχῆμα,
352 607 594 693 άπδῬωμδλου,
610 607 652 688 ὡς
665 608 750 699 ipen,
772 605 807 689 έξ
818 612 942 677 Αἶνεέου
955 610 1011 694 τὴν
1027 610 1124 694 άρχὴν
1134 607 1212 694 έχον.
1238 610 1311 677 οὐδέ

216 715 275 799 γὰρ
297 716 366 798 έξῆν
384 711 549 796 Ῥωμαίοις
567 715 761 802 βαρβαρικὴν
783 714 893 798 στολὴν
917 715 1117 802 περιθέσθαι·
1150 716 1308 780 καὶτοῦτο

219 812 415 902 Τράγκυλλος
437 819 469 882 έν
492 819 643 904 τοῖςπερὶ
664 814 848 903 Αὐγούστου
867 819 1078 900 διαμέμνηται.
1128 815 1231 884 λδάντα
1246 814 1307 904 γάρ

216 941 293 1003 φησι
313 918 366 984 τὸν
377 917 559 1004 Αὔγουστον
581 923 613 984 έν
630 925 675 1005 τῷ
696 919 886 1007 ι’πποδρομέηι
910 919 995 996 τινάς
1010 916 1243 1003 τῶνῬωμαέων
1258 922 1308 985 int

190 1019 250 1088 sci
278 1021 470 1108 βαρβαρικὸν
494 1021 693 1103 ἐσταλμένους
718 1023 944 1107 άγανακτῆσιιι,
986 1020 1029 1100 ὡς
1051 1023 1084 1087 έν
1107 1022 1219 1109 άκαρεῖ
1235 1023 1308 1099 τοὺς

212 1126 483 1207 καταγνωσθέντος
504 1120 716 1206 ἀποβαλόντας
737 1125 771 1190 τὸ
794 1122 956 1213 βάρβαρον
974 1123 1065 1209 μόγις
1083 1126 1307 1210 ἐπιγνωσθῆναι

211 1231 257 1314 spi
270 1228 416 1313 Καίσαρι.
466 1223 591 1310 τοιαύτη
607 1227 663 1308 μέν
676 1219 730 1293 οὖν
742 1226 762 1312 ἡ
772 1223 935 1311 Ῥωμύλου
948 1225 1086 1312 στρατιά.

317 1329 374 1396 13.
425 1329 491 1394 Καὶ
514 1329 569 1406 τὰς
591 1330 753 1412 λεγομένας
774 1332 807 1394 δέ
829 1332 1032 1414 άττηνσέωνας
1047 1330 1124 1416 πρὸς
1138 1329 1306 1415 θεραπείαν

209 1434 271 1494 τῶν
293 1428 393 1516 ῥηγάιν
415 1433 611 1514 ἐπινοηθῆναι
632 1430 835 1513 στοχάζομαι,
871 1432 948 1517 πρὸς
960 1433 1120 1516 βασταγὴν
1134 1435 1184 1494 καὶ
1205 1431 1306 1516 φοράν

170 1539 273 1601 loscio
287 1532 472 1618 άναγκαέων,
505 1532 607 1620 ὥσπερ
630 1533 831 1621 νοκτοάρνους
855 1535 932 1619 πρὸς
951 1533 1061 1597 έπιπλα
1087 1532 1200 1598 καὶτὰ
1224 1532 1305 1597 άλλα

210 1633 269 1699 ὅσα
293 1634 371 1718 πρὸς
391 1632 491 1700 κοῖτάν
515 1638 579 1701 ἔστι
599 1632 755 1721 χρήσιμα·
781 1637 919 1722 Κικέρων
941 1636 999 1722 γὰρ
1026 1633 1043 1701 δ
1068 1635 1163 1712 πολδς
1186 1637 1218 1699 ἓν
1241 1646 1306 1711 τοῖς

208 1736 287 1802 κατά
304 1738 422 1825 Βέρρου
443 1739 593 1823 μέμνηται
615 1733 743 1805 τουτουλ·
759 1746 814 1803 τοῦ
837 1724 995 1820 ὀνόματος.
1045 1736 1210 1820 άττήνσους
1233 1738 1305 1813 τοτ’·ς·

209 1839 362 1918 ολκιακοδς
384 1837 535 1928 δπηρέτας
558 1845 619 1907 τεάν
641 1841 741 1928 ρηγῶν
762 1838 918 1923 ὠνόμαζον
945 1838 1005 1904 άπὸ
1030 1848 1085 1905 τοῦ
1108 1839 1303 1924 προσανέχειν

207 1944 260 2006 καλ
282 1949 475 2030 πειθαρχεῖν·
510 1945 665 2033 άττένδερε
685 1943 744 2031 γάρ
770 1945 800 2009 οἳ
817 1940 966 2028 Ῥωμαῖοι
992 1941 1027 2008 τὸ
1053 1947 1229 2030 φιλονεικεῖν
1253 1942 1304 2006 λέ-

167 2060 201 2116 15
209 2063 325 2131 γουσιν.

314 2150 370 2217 14.
417 2145 472 2225 Ὡς
485 2139 539 2214 oio
554 2147 672 2235 εἷ’ρηταέ
679 2176 733 2232 μοι
739 2197 750 2228 ,
775 2148 831 2234 τὴν
841 2149 898 2232 μέν
911 2143 1082 2230 πεζομάχον
1095 2143 1225 2227 δύναμιν
1236 2155 1301 2221 τοῖς

205 2245 455 2335 ἑκατοντάρχοις,
474 2250 530 2334 τὴν
546 2253 579 2316 δέ
595 2252 722 2336 ἱππικὴν·
733 2255 868 2341 Κελερέρι
885 2254 1012 2338 episopis
1028 2256 1082 2333 τῆς
1098 2247 1171 2333 ὅλης
1181 2245 1301 2332 ἡγησα-

204 2351 286 2439 μένιρ
313 2358 457 2437 στρατιᾶς
480 2354 694 2436 παραδέδωκε,
725 2355 826 2438 πάσης
847 2354 939 2418 αὗτδν
960 2349 1116 2434 δυνάμεως
1134 2353 1184 2415 καὶ
1206 2348 1301 2435 τύχης

206 2456 259 2520 καὶ
273 2450 446 2536 διοικήσεως
460 2462 580 2538 κρατεῖν
595 2453 844 2538 ἐγκελευσάμενος
850 2503 861 2533 ,
888 2453 930 2530 ὡς
946 2457 1047 2541 ἕτερον
1064 2455 1157 2518 οὐθέν
1171 2452 1191 2532 ἢ
1205 2451 1301 2534 μόνον

165 2557 259 2627 socio
281 2557 432 2644 στέφανον
447 2555 503 2638 τὴν
517 2558 673 2638 βασιλείαν
693 2556 776 2642 παρὰ
796 2563 856 2622 τῶν
871 2553 1017 2639 δπάρχων
1034 2564 1196 2636 κατασχεῖν
1210 2555 1299 2630 ἔξου-

205 2661 276 2725 σέαν
291 2660 458 2725 ἀδέσποτον
471 2655 574 2745 ἑαυτῇ.
608 2655 721 2742 ταύτην
736 2659 792 2742 τὴν
805 2658 902 2745 ἀρχὴν
916 2663 948 2722 δι’
958 2683 989 2724 τε
1003 2657 1090 2745 ῥῆγες
1102 2659 1134 2736 οἵ
1143 2681 1173 2722 τε
1191 2654 1298 2722 δικτά-

204 2785 300 2850 τωρες
322 2760 411 2844 έσχον
434 2759 579 2838 ἅπαντες,
603 2766 655 2824 καλ
676 2761 712 2827 τὸ
736 2762 841 2828 λοιπὸν
857 2761 887 2826 oi
901 2763 1072 2847 Καίσαρες,
1098 2758 1230 2848 έπαρχον
1245 2758 1298 2825 τὸν

273 2959 335 3014 dv.
352 2956 463 3010 Suetou.
479 2953 548 3024 Aug.
564 2952 609 3006 40.
626 2955 661 3008 F.
735 2955 770 3009 12
785 2950 865 3008 rocci
877 2953 915 3019 C,
931 2949 1050 3004 τουτουῒ
1060 2954 1095 3005 F.
1174 2954 1208 3008 17
1223 2950 1297 3006 κελέ-

272 3043 334 3094 proc
349 3027 382 3080 C.
486 3025 519 3080 18
536 3016 631 3076 eicos
645 3022 678 3076 C.
781 3025 817 3079 20
831 3039 919 3076 ιιοαοο
932 3022 990 3075 τῶν
1004 3018 1173 3090 ὶετπάργωνλ
1195 3039 1231 3076 aa
1245 3016 1297 3092 cris

273 3093 434 3164 ῖπιταργονλ
533 3088 658 3160 ἔξουσίας
672 3093 706 3148 1¹¹.

203 3271 239 3324 ab
256 3267 346 3322 danea
359 3264 462 3320 initium
476 3265 586 3320 habens.
620 3283 705 3337 nsque
723 3263 791 3318 enim
809 3264 904 3318 licebat
920 3261 1046 3315 Romanis
1063 3260 1202 3314 barbarica
1219 3266 1296 3315 vasta

203 3338 259 3402 uti3
277 3338 311 3390 de
327 3353 378 3407 quo
395 3335 512 3390 meminit
527 3335 695 3405 Tranquillus
715 3335 742 3386 in
755 3335 884 3402 Augusto.
919 3330 958 3383 ait
974 3330 1043 3383 enim
1059 3329 1217 3397 Augustum,
1236 3345 1295 3384 cum

201 3407 231 3460 in
253 3407 423 3476 hippodromo
448 3403 580 3458 Romanos
604 3405 729 3526 {troadam
750 3404 920 3455 barbarorum
944 3415 1016 3451 more
1038 3397 1150 3450 vestitos
1173 3395 1294 3463 vidisset,

200 3475 396 3530 succensuisset
417 3473 506 3542 itaqua
523 3474 608 3527 anima
626 3489 717 3527 versos
735 3469 873 3524 confestim
889 3465 1140 3522 burnunculum
1155 3465 1295 3534 abiecisse,

199 3545 299 3615 vixque
311 3544 430 3612 cognitos
443 3559 502 3596 assa
516 3558 532 3593 a
546 3543 670 3596 caesara.
704 3538 765 3594 talis
781 3539 865 3608 igitur
877 3537 928 3590 fuit
940 3534 1044 3589 Romuli
1061 3534 1203 3594 exercitus.

270 3647 313 3701 13.
346 3647 385 3700 Et
404 3643 562 3700 attentiouas
582 3662 662 3711 varo,
687 3659 753 3713 quas
770 3649 879 3707 vocant,
901 3655 991 3706 regum
1006 3635 1153 3690 munisterio
1168 3635 1291 3690 inventas

200 3714 330 3782 auspicor,
346 3717 380 3768 ad
393 3713 545 3769 advehenda
557 3713 719 3782 ferendaque
732 3711 891 3775 necessaris,
907 3706 990 3759 veluti
1002 3715 1142 3760 nocturnos
1155 3706 1190 3757 ad
1202 3704 1292 3774 aupal-

197 3781 312 3837 lactiiem
328 3793 356 3836 et
370 3798 537 3853 quaecunque
554 3783 587 3834 ad
604 3783 700 3836 lectum
715 3780 849 3850 pertinent
865 3777 989 3830 curanda.
1014 3772 1129 3828 meminit
1146 3772 1223 3826 huius
1241 3791 1290 3826 uo·

200 3850 278 3904 minis
299 3851 483 3905 celeberrimus
500 3850 595 3903 Cicero
618 3851 647 3904 in
672 3849 791 3903 oratione
812 3855 904 3900 contra
925 3839 1046 3896 Verrem.
1086 3849 1201 3894 attentos
1223 3840 1291 3894 fidos

200 3935 291 3986 tagum
307 3921 439 3975 ministros
454 3922 582 3975 vocabant
597 3921 631 3972 ab
644 3917 803 3974 attendendo
817 3924 897 3985 atqua
909 3911 1128 3981 obtemperandae
1153 3911 1292 3965 attendere

201 3989 271 4040 anim
288 3986 321 4043 τό
339 3992 502 4058 φιλονεικεῖν
518 3988 628 4043 Romani
644 3988 745 4042 dicunt.

271 4089 313 4143 14.
348 4093 447 4160 igitur,
471 4100 501 4144 ut
517 4090 642 4154 diximus,
660 4090 799 4158 pedestres
817 4085 907 4156 copias
923 4080 1135 4148 centurionibus,
1154 4087 1291 4151 εοοοειεεε

201 4161 287 4210 autem
301 4159 405 4226 Celeri,
421 4159 466 4230 qui
480 4158 602 4213 ornatui
616 4157 744 4210 exercitui
757 4156 924 4225 praefuerat,
938 4152 1064 4216 tradidit3
1081 4167 1192 4220 eumque
1206 4148 1293 4202 omnis

201 4226 340 4298 potestatis
354 4238 382 4281 et
394 4231 516 4282 fortunae
531 4237 559 4280 et
573 4224 804 4280 administrationis
816 4222 962 4293 principem
979 4239 1039 4274 essa
1056 4219 1154 4286 voluit,
1179 4226 1210 4272 at
1225 4216 1292 4272 nihii

202 4294 272 4348 aliud
293 4294 344 4346 nisi
365 4297 445 4350 solam
462 4315 584 4351 coronam
601 4293 784 4362 magistrorum
801 4294 917 4362 equitum
933 4289 1060 4361 potestati
1076 4296 1222 4357 exemptum
1238 4285 1293 4340 sibi

202 4381 249 4417 rar
264 4361 435 4432 relinqueret.
471 4368 521 4420 hoc
541 4365 693 4434 magistratu
709 4370 737 4414 et
756 4379 835 4429 reges
853 4370 881 4414 et
896 4359 1040 4413 dictatores
1057 4374 1145 4411 omnes
1161 4355 1203 4409 usi
1221 4365 1290 4420 sunt,

202 4450 233 4488 ac
253 4431 348 4488 deiude
369 4432 514 4506 Caesares,
541 4435 587 4506 qui
610 4430 761 4503 magistrum
783 4428 900 4500 aquitan
918 4429 1082 4499 praefectum
1098 4423 1231 4497 praetorio
1244 4440 1291 4476 eo·
