3125 4959
576 416 635 485 oo
658 414 868 485 nmusmus
892 416 953 515 ιτ.
1259 413 1311 488 rr

214 585 310 676 ηἠδρ
332 588 420 676 τριάς
439 584 518 677 άρχῆ
540 586 689 678 άριθμοῦ.
711 588 790 658 άιότε
805 588 862 657 οὖν
878 588 941 670 tao
955 590 1140 680 φιλοσοφίας
1151 588 1205 657 τδν
1215 586 1310 679 Ἀρεα

216 689 389 776 ζεογνάοοσι
412 700 450 780 τῇ
471 692 652 781 Ἀφροδίτῃ·
691 701 730 781 τῇ
751 694 811 783 γάρ
834 691 927 760 δυάδι
947 694 1156 778 σαντλθοάσης
1176 692 1311 777 μονάδος

216 802 337 883 πρῶτος
354 794 490 882 ἀριθμὸς
504 796 625 881 ίτίχδη,
653 794 688 874 ὃς
700 794 898 863 καλεῖται·ὖιτ’
916 798 1001 865 ίνίων
1016 798 1137 876 τίλειος,
1162 795 1209 863 ὅτι
1224 804 1311 886 πρῶ-

215 924 269 975 τος
282 897 321 963 τά
335 897 434 963 πάντα
449 901 587 983 σημαίνει
601 901 653 965 καὶ
672 907 793 987 πρῶτος
806 899 917 979 ἔδειξεν
932 899 1029 988 ἀρχὴν
1041 901 1123 984 με’σα
1136 901 1230 977 τίλας.
1259 900 1313 966 τδν

190 1002 252 1081 ὅδὲ
265 1001 408 1087 τίταρτον
420 1002 586 1090 (Ἀπρίλιον
600 1000 796 1091 ὀνομάζουσι)
812 1004 892 1069 κατὰ
903 1004 961 1087 τὴν
976 1010 1037 1069 τῶν
1052 1004 1207 1086 στοιχείων
1220 1000 1314 1091 φάσιν

216 1109 261 1193 τῷ
279 1102 412 1193 τετάρτῳ
435 1103 563 1194 ἀριθμῷ
583 1105 742 1185 άνίθεντο,
767 1106 922 1173 τοοτίστιν
940 1105 1122 1193 Ἀφροδίτῃ·
1143 1100 1243 1191 ἦηδρ
1258 1111 1314 1170 τοῦ

218 1206 331 1283 παντὸς
352 1212 503 1290 αἰσθητοῦ
524 1206 618 1295 φάσις
636 1210 668 1275 δν
683 1206 841 1297 τεσσάρων
856 1210 920 1274 ἐστὶ
936 1210 1108 1292 στοιχείων,
1133 1207 1212 1291 αὕτη
1225 1208 1258 1273 δ’
1276 1205 1315 1274 άν

218 1310 265 1393 εἴη
285 1309 364 1374 κατά
391 1309 463 1387 τοὺς
489 1309 691 1398 φνσιολόγοδς
711 1312 887 1401 Ἀφροδίτη.
919 1318 1040 1398 πρῶτος
1058 1303 1112 1377 οὖν
1127 1308 1315 1397 τετράγωνος

219 1411 357 1501 άριθμδς
377 1404 466 1489 οὗτος
485 1415 535 1477 καὶ
558 1411 730 1502 τετρακτάς.
762 1415 840 1479 nith
863 1414 926 1497 μὴν
945 1415 997 1478 καὶ
1012 1420 1132 1499 πρῶτος
1147 1412 1240 1491 δ’δειξε
1258 1414 1316 1496 τὴν

177 1534 213 1588 10
220 1516 346 1603 στερεὰν
359 1514 466 1603 φάσιν·
492 1512 615 1599 σημεῖον
630 1514 708 1605 γάρ,
731 1513 794 1581 εἶτα
805 1513 949 1603 γραμμή,
975 1512 1040 1581 είτα
1054 1513 1223 1602 ἐπιφάνεια,
1251 1512 1314 1581 εἶτα

220 1615 357 1705 στερεόν,
384 1617 482 1684 ὅέστι
502 1626 602 1703 σῶμα.
628 1620 660 1684 ίκ
680 1617 838 1707 τεσσάρων
854 1620 888 1683 δὲ
903 1614 923 1703 ἡ
941 1624 996 1683 τοῦ
1013 1615 1158 1705 τετάρτου
1177 1617 1316 1705 ἀριθμοῦ

220 1758 258 1769 -
271 1758 306 1771 -
319 1721 496 1809 Ἀφροδίτῃ,
519 1723 657 1788 τοατίστι
678 1728 717 1810 τῇ
740 1720 831 1810 φάσει
854 1728 916 1787 τῶν
937 1718 1141 1809 πραγμάτων,
1163 1720 1317 1787 άνίθεντο.

221 1823 291 1889 ἀνθ’
311 1822 382 1889 ὅτου
396 1810 430 1889 δὲ
448 1824 544 1903 οὕτως
562 1824 646 1903 δ’δοξε
656 1822 818 1907 Ῥωμαίοις
829 1824 883 1892 τδν
897 1824 1040 1912 τίταρτον
1053 1821 1205 1907 δνομάσαι
1222 1831 1315 1907 μῆνα,

206 1928 275 1991 ’διὰ
293 1927 433 2014 βραχίων
451 1930 528 2015 ἐρῶ·
552 1930 629 2006 τέως
648 1928 682 1992 δὲ
702 1927 780 1994 κατδ
799 1927 835 1993 τδ
848 1926 986 2016 τιράσδεν
1000 1926 1217 2012 ἓτεηγγελμίνον
1229 1926 1317 2013 ὀλίγοι

181 2027 299 2102 15άττα
310 2034 378 2117 περὶ
391 2037 446 2113 τῆς
461 2031 539 2098 κατὰ
547 2030 729 2120 Ἀφροδίτην
743 2031 878 2118 θεωρίας
891 2028 1096 2114 διαλήψομαι.

320 2134 353 2225 oi
375 2136 496 2221 φυσικοὶ
513 2141 673 2221 τοιγαροῦν
687 2134 741 2199 τδν
759 2134 878 2221 εἀρινδν
895 2130 968 2210 εἶναι
980 2133 1089 2221 ιίαιρδν
1105 2132 1162 2216 τὴν
1173 2130 1319 2219 Ἀφροδί-

222 2240 279 2317 την
292 2234 464 2317 βούλονται,
484 2230 573 2314 οὗτος
586 2238 618 2302 δ’
639 2235 677 2304 iio
691 2236 735 2320 τίη
748 2232 764 2301 δ
777 2239 808 2303 ἓν
820 2234 930 2325 ταάρηι
939 2236 1033 2321 ἥλιος.
1058 2238 1110 2301 καὶ
1125 2236 1319 2322 άιτοστρεφο·
1336 2268 1364 2321 p.
1382 2249 1418 2303 88

222 2340 316 2421 με’νην
339 2339 433 2421 αὐτὴν
454 2340 508 2407 τὸν
521 2340 615 2428 Ἀρεα
636 2347 789 2418 ποιοῦσιν,
817 2337 860 2417 ὡς
880 2341 1022 2425 λέγομεν,
1043 2338 1096 2405 τδν
1112 2337 1218 2426 Ἀρεος
1237 2344 1322 2421 μῆνα

224 2432 329 2525 (οὗτος
344 2444 364 2507 δ
367 2442 377 2467 ²
396 2442 433 2507 δν
448 2442 492 2527 εἴη
508 2441 700 2529 ὃΜάρτιος),
712 2444 954 2531 τεροστιθεμίνην
967 2444 1002 2507 δὲ
1014 2449 1058 2531 τῷ
1067 2440 1217 2518 Ἀδώνιδι,
1231 2465 1321 2505 τουτ-

180 2546 288 2617 2οίστι
300 2551 343 2633 τῷ
359 2549 471 2635 Μαΐῳ,
492 2546 565 2612 καθ’
588 2546 623 2611 δν
635 2544 695 2630 ἤδη
708 2540 758 2610 erui
772 2547 882 2631 ίαρίζει
895 2546 934 2610 τά
947 2543 1047 2629 άρνεα.
1066 2550 1173 2609 τοῦτον
1186 2542 1221 2607 ti
1234 2541 1322 2611 άναι-

225 2652 354 2734 ρεθῇναι
365 2634 433 2748 κίναδ-
449 2656 505 2714 τοῦ
520 2646 626 2734 Ἀρεος
643 2630 890 2737 μεταβληθὲντος
913 2650 956 2723 είς
967 2636 1015 2726 δν,
1039 2644 1127 2713 οἱονεὶ
1142 2646 1178 2710 τδ
1192 2644 1247 2731 δἀρ
1260 2640 1321 2710 oni

225 2749 418 2835 τοῦθέρους
441 2748 649 2835 ἀναιρεῖσθαι·
674 2748 778 2834 θερμὴ
801 2748 860 2835 γάρ
878 2744 899 2830 ἦ
916 2746 1008 2836 φάσις
1021 2754 1076 2813 τοῦ
1090 2744 1161 2826 siric,
1187 2749 1238 2811 uui
1255 2746 1323 2812 άντδ

225 2856 281 2917 τοῦ
301 2852 416 2938 θάρσος
437 2851 529 2917 αὐτὸν
550 2850 580 2917 oi
598 2852 728 2937 μοθικοὶ
749 2848 967 2933 λαμβάνουσιν.
998 2848 1019 2934 ἢ
1040 2846 1082 2927 ὥς
1104 2849 1209 2926 άλλοις
1230 2852 1322 2930 δοκεῖ,

297 3028 331 3082 ιι
344 3024 395 3081 ιιι
408 3028 477 3097 apuu
492 3028 523 3082 e.
653 3029 685 3083 18
702 3023 774 3096 τερα
788 3029 859 3097 apuu
872 3027 908 3081 οι
922 3042 983 3080 eon
994 3024 1145 3080 aanor·
1160 3022 1220 3079 con.
1236 3026 1264 3091 s.
1277 3025 1323 3080 τι.
1344 2986 1351 3007 '

296 3095 420 3165 λέγομεν]
439 3093 573 3165 ἐλάχομεν,
589 3091 681 3165 ιάσιτερ
698 3098 860 3171 lto-otherus.

119 3230 123 3247 ¹
229 3253 260 3302 ut
281 3264 334 3301 non
355 3251 432 3298 extra
453 3247 643 3318 philosophiam
662 3248 775 3301 Mortem
796 3247 908 3317 iungant
926 3246 1042 3303 Veneri:
1065 3264 1124 3301 omn
1145 3246 1233 3316 dyada
1255 3244 1325 3299 enim

227 3322 367 3387 postquam
384 3315 449 3368 coiit
463 3334 569 3384 monas,
590 3318 687 3401 primus
706 3334 827 3371 numerus
842 3318 947 3386 genitus
958 3326 1019 3385 est,
1041 3318 1088 3386 qui
1103 3325 1213 3369 vocator
1226 3332 1243 3371 ει
1257 3332 1324 3368 nou-

230 3386 306 3441 nuiiis
320 3385 463 3454 perfectus,
478 3388 547 3454 quod
560 3403 659 3455 prunus
673 3386 796 3442 universa
805 3386 939 3456 signifieat
951 3393 980 3439 et
990 3386 1090 3455 primus
1103 3383 1259 3439 monstravit
1271 3383 1324 3436 ini-

228 3458 303 3521 tium,
321 3454 442 3522 medium,
456 3456 544 3509 finem.
572 3463 691 3523 quartum
707 3463 794 3513 antem
807 3456 936 3525 (Aprilem
949 3454 1096 3514 nominant)
1110 3455 1252 3505 seeundum
1267 3452 1322 3505 eie-

229 3535 375 3577 mentornm
391 3522 508 3575 naturam
521 3526 688 3592 quaternario
704 3542 812 3578 numero
825 3526 960 3590 dicarunt,
976 3523 1004 3576 id
1020 3529 1063 3575 est
1077 3522 1186 3576 Veneri:
1206 3520 1323 3574 universi

231 3594 299 3646 enim
313 3592 434 3646 sensibus
447 3592 559 3645 subiecti
572 3602 665 3645 oratura
677 3601 802 3663 quattuor
814 3601 919 3646 constat
930 3591 1075 3657 elementis,
1090 3591 1244 3659 ipseautem
1253 3591 1324 3643 sorte

231 3663 267 3716 sit
284 3680 317 3714 ex
331 3660 543 3731 physiologorum
557 3662 688 3715 sententia
704 3663 806 3715 Venus.
835 3662 934 3731 primus
951 3660 1033 3729 igitur
1046 3663 1188 3730 quadratus
1205 3675 1327 3712 numerus

231 3732 274 3785 hio
288 3739 329 3783 est
337 3737 365 3783 et
377 3730 524 3799 quaternio,
538 3747 627 3782 vorum
637 3741 664 3784 ot
673 3732 771 3801 primus
785 3730 943 3784 monstravit
953 3730 1062 3783 solidam
1075 3739 1209 3783 natursmt
1224 3730 1327 3797 signnm

232 3801 317 3865 onim,
339 3801 434 3852 deinde
447 3798 533 3863 linea,
554 3800 793 3869 turn‘surperficies,
806 3807 868 3868 post
877 3799 1003 3867 solidum,
1016 3799 1088 3921 φοοδ
1101 3807 1144 3850 est
1156 3813 1261 3865 corpus.
1294 3811 1328 3848 ex

231 3876 356 3939 quattuor
377 3875 464 3922 antem
482 3868 642 3935 quaternarii
664 3869 765 3921 numeri
778 3896 813 3907 —-
825 3868 984 3935 -Veheri‚
1004 3868 1013 3918 i
1050 3876 1093 3921 est
1105 3884 1193 3920 rerum
1209 3874 1329 3930 naturae,

232 3939 361 3992 dicarunt.
388 3954 470 4007 quare
484 3944 570 3988 autem
585 3936 623 3989 ita
635 3937 720 3991 visum
733 3938 771 3990 sit
783 3936 908 3989 Romanis
923 3943 1043 4005 quartum
1056 3936 1191 3989 nominare
1204 3940 1329 3999 mensem,

231 4007 323 4077 paucis
338 4007 436 4060 dicam:
456 4011 517 4058 ante
531 4012 632 4069 autem,
652 4015 682 4058 ut
700 4007 774 4075 prius
788 4006 963 4073 significatum
979 4014 1035 4073 est,
1052 4022 1138 4075 panca
1152 4005 1278 4072 quaedam
1295 4004 1330 4053 de

233 4094 266 4129 ea
283 4092 350 4144 qnae
367 4078 400 4127 ad
415 4076 546 4127 Venerem
563 4074 679 4142 pertinet
695 4074 816 4129 doctrina
837 4074 974 4132 disseram.
1003 4073 1109 4143 physici
1125 4074 1207 4141 igitur
1219 4086 1330 4124 vernum

233 4151 334 4214 tempus
349 4144 480 4209 Venerem
493 4142 666 4210 essevoiunt,
679 4144 708 4197 id
723 4152 810 4197 antem
826 4145 884 4196 iere
898 4144 980 4195 suerit
994 4142 1034 4195 soi
1048 4144 1074 4195 in
1085 4143 1194 4203 Taur03
1212 4146 1240 4193 et
1253 4155 1332 4191 aver-

233 4214 286 4264 suri
306 4212 362 4266 eam
385 4213 498 4265 Martem
520 4211 637 4276 fuciunt,
655 4222 684 4263 ut
696 4212 825 4277 diximus,
842 4212 916 4264 velut
928 4212 1023 4264 Mortis
1039 4226 1154 4263 mensem
1173 4210 1230 4275 (hic
1245 4214 1333 4260 autem

233 4281 269 4333 sit
283 4282 418 4348 Martius),
435 4281 558 4348 coniungi
573 4288 659 4332 autem
673 4298 730 4333 oum
742 4281 878 4346 Adonide‚
895 4281 924 4334 id
938 4289 980 4333 est
993 4281 1076 4345 Maio,
1093 4296 1146 4348 quo
1160 4285 1188 4330 et
1200 4278 1252 4327 iarn
1269 4292 1331 4327 uer·

233 4359 297 4401 nunt
311 4369 392 4414 οντες
407 4352 475 4402 hrono
492 4358 578 4402 atatem
594 4348 760 4402 interiectum
775 4367 792 4402 a
809 4351 897 4403 Marte
911 4366 1040 4415 converso
1053 4349 1081 4401 in
1096 4364 1178 4412 suem,
1194 4343 1270 4413 quasi
1283 4360 1333 4395 ver

233 4420 267 4473 ab
281 4426 382 4474 aestate
398 4418 527 4474 interficia
544 4416 629 4473 calida
643 4418 711 4473 οιιίιο
726 4424 822 4475 oratura
834 4418 907 4491 suis,
922 4425 951 4476 et
964 4417 994 4474 in
1008 4423 1136 4476 mntem
1151 4430 1210 4470 eum
1221 4410 1337 4483 mythici
