3125 4959
249 378 320 449 168
505 445 507 448 ,
647 373 816 445 losuuls
840 376 942 442 LYDI

244 554 349 637 σειράς
376 554 529 615 κατιοῦσιν
560 547 728 634 ἐγχειρίζειν
751 537 928 635 τδκράτος.
977 546 1069 631 μίσος
1091 537 1204 631 οάνῆν
1230 543 1247 610 5
1269 546 1334 624 νίας

245 657 368 738 Καῖσαρ
376 699 387 731 ,
410 651 487 736 μήτε
503 657 557 736 τῆς
569 649 641 734 ὅλης
657 651 870 734 ἐπειλημμένος
882 658 937 716 τοῦ
950 648 1081 735 κράτους
1094 657 1184 733 τιμῆς
1198 650 1249 714 διά
1265 650 1334 726 τοὺς

245 756 406 831 κοινωνοδς
421 763 476 838 τῆς
489 754 585 838 ἀρχῆς
592 801 601 830 ,
627 752 701 837 μήτε
717 755 779 838 μὴν
796 753 942 841 ἀμοιρῶν,
967 752 1002 816 τὸ
1017 753 1050 816 δι’
1065 753 1153 824 πλέον
1166 751 1244 834 ἔχων
1256 752 1330 837 παρ’

244 861 373 934 ἐκείνους
388 857 439 922 διά
457 858 491 922 τδ
508 859 668 942 Καίσαρος
683 855 858 939 ἐπώνυμον,
883 855 907 921 ’ὃ
927 855 1038 941 περιιδν
1056 852 1099 919 ἴτε
1118 851 1133 919 5
1150 861 1237 930 θεῖος
1253 855 1334 939 αὐτῷ

242 962 402 1046 περιέθηκε
409 1008 420 1040 ,
452 959 595 1041 διάδοχον
622 957 731 1025 ἑαυτοῦ
743 965 939 1042 ςιαταλεῖψαι
962 955 1186 1044 ψηφισάμενος.
1237 954 1279 1033 ὡς
1302 957 1360 1024 uis

244 1065 383 1139 Λέπιδος
403 1064 458 1145 μὲν
480 1053 633 1139 ίτελιάτα,
665 1060 823 1139 Ἀντάνιος
852 1063 886 1126 δὲ
910 1061 987 1149 πρὸς
1009 1057 1209 1146 Κλεοπάτραν
1235 1059 1336 1144 ipsus,

246 1169 404 1246 Φουλβίαν
421 1166 477 1247 τὴν
497 1162 633 1250 ἀδελφὴν
655 1173 711 1230 τοῦ
731 1166 799 1231 νίου
816 1168 976 1250 Καίσαρος
990 1170 1188 1230 συνοικοῦσαν
1203 1162 1286 1248 αὐτῷ
1302 1161 1354 1226 15‘

242 1271 314 1354 πρὶν
329 1264 522 1344 άποπτάσας,
551 1265 707 1350 Αἴγυπτόν
722 1267 753 1333 τε
769 1264 828 1333 εἷλε
847 1268 916 1350 μετ’
928 1268 1104 1345 Ἀντωνίου,
1129 1269 1181 1330 καί
1193 1264 1336 1346 τουςὲμ-

244 1357 373 1457 φυλίους
386 1369 494 1433 ἔπαυσε
510 1367 668 1454 θορύβους
683 1377 737 1452 τῆς
747 1367 872 1455 Ῥώμης
880 1417 890 1448 ,
917 1369 1064 1454 δχκωθιὶς
1084 1371 1134 1433 καί
1159 1367 1252 1442 αὐτὸς
1264 1363 1338 1442 θεός

242 1496 274 1536 τε
298 1467 496 1557 ἐχρημάτισεν
515 1467 531 1533 5
555 1469 624 1556 άρτι
646 1469 831 1557 μετριάζων,
864 1473 916 1536 καί
939 1471 1031 1547 ναοιλς
1050 1467 1240 1554 ὡσιωμίνους
1262 1467 1336 1554 πρὸς
1345 1487 1380 1540 10

240 1581 331 1656 τιμῆς
346 1574 430 1662 αὐτῷ
445 1573 608 1650 άπιδίξατο
616 1621 627 1651 ,
655 1578 706 1639 καί
722 1575 864 1662 άρχιερία
879 1572 949 1639 ὡσεί
961 1573 1035 1650 θεὸς
1049 1573 1251 1656 ίπεμβάλιμος
1261 1598 1337 1658 προ-
1353 1612 1354 1615 =

243 1678 409 1762 εχειρίσατο
416 1724 426 1756 ,
447 1683 565 1762 πρῶτον
580 1675 673 1741 αὐτὸν
689 1682 749 1741 τῶν
763 1677 866 1763 ἰτρίων
878 1681 939 1740 τῶν
954 1673 1020 1744 τότε
1035 1678 1241 1756 νομισθέντων
1257 1680 1339 1738 θεῶν

149 1774 151 1780 ’
243 1778 415 1855 ἀποδείξας.
466 1776 623 1860 ἐπισήμοις
635 1804 668 1844 τε
684 1785 776 1844 πᾶσιν
791 1777 940 1864 ἐχρήσατο
957 1773 1003 1852 οἷς
1019 1774 1036 1840 5
1052 1775 1163 1862 πατήρ,
1183 1778 1233 1839 καὶ
1244 1801 1339 1860 στρα-

242 1884 336 1957 τείαις
350 1882 400 1944 καί
414 1878 515 1958 τάξεσι
531 1884 582 1944 καί
597 1881 781 1968 δορυφόροις
801 1879 885 1956 ὅσοις
908 1877 1099 1960 δῬωμάλος
1112 1904 1145 1942 τε
1162 1880 1214 1941 καί
1232 1875 1341 1953 πάντες

244 1983 275 2048 οἳ
290 1982 346 2047 ἀπ’
365 1983 459 2048 αὐτοῦ
476 1985 564 2069 μέχρι
582 1981 698 2048 τοάτων
723 1981 907 2068 ἐχρήσαντο,
938 1979 1032 2062 μόνον
1050 1981 1102 2045 τὸν
1121 1982 1276 2064 ἵππαρχον
1296 1982 1338 2055 είς
1347 1994 1382 2050 16

243 2083 375 2170 ἔπαρχον
395 2085 576 2167 μεταβαλών
583 2132 594 2162 ,
621 2083 751 2166 ὀχήματι
774 2081 905 2166 τιμήσας
926 2079 1129 2169 ὑπερηφάνω,
1155 2084 1188 2159 ίξ
1205 2080 1339 2170 άρχάρου

242 2188 447 2273 πεποιημένῳ,
485 2190 535 2251 καί
565 2185 650 2264 τάξιν
680 2185 833 2270 πολιτικὴν
860 2185 1024 2268 ἀπονείμας
1046 2185 1131 2271 αὐτῷ
1153 2191 1339 2269 πειθαρχεῖν,

242 2291 494 2373 Αδγουσταλίους
508 2292 540 2366 i}
555 2286 650 2354 αὖτοῦ
662 2288 793 2365 καλέσας
808 2286 936 2365 αὐτούς·
958 2290 1026 2374 περί
1043 2279 1085 2354 ὧν
1101 2289 1133 2351 ίν
1148 2295 1193 2375 τῷ
1205 2291 1271 2374 περί
1286 2293 1341 2370 τῆς

179 2478 181 2482 .
243 2389 357 2470 τάξεως
378 2398 438 2457 τῶν
459 2390 605 2476 ὑπάρχων
629 2391 737 2475 μικρὸν
754 2391 882 2478 ὕστερον
902 2391 1037 2477 ἐροῦμεν.
1087 2389 1183 2472 η’τιίως
1203 2392 1237 2454 δι’
1257 2387 1339 2471 ὅμως

242 2493 392 2582 ε’χρήσατο
409 2505 472 2570 τοῖς
485 2492 644 2578 ὑπηκόοις·
666 2495 742 2560 ὥστε
760 2491 1013 2575 τοδςῬωμαιόνς
1029 2495 1120 2558 εἰπεῖν
1134 2493 1184 2556 ἐπ’
1206 2492 1288 2578 αὐτῷ
1302 2498 1383 2576 τῇρο

243 2599 361 2683 πατρίῳ
378 2604 465 2682 φωνῇ
481 2600 598 2661 utinam
609 2619 665 2660 nec
677 2610 767 2660 uetus
780 2619 837 2660 nec
852 2609 991 2660 mortuus
1005 2598 1131 2660 fuisset!
1168 2592 1338 2678 άπηάχοντο

244 2699 303 2784 γάρ
319 2699 414 2765 αὐτοῦ
427 2699 482 2782 τὴν
495 2702 617 2784 γένεσιν,
636 2697 682 2764 ὅτι
696 2696 791 2781 μάνος
803 2695 937 2785 ἐστήριξε
951 2699 1006 2780 τὴν
1019 2704 1080 2763 τῶν
1089 2697 1258 2784 Καισάρων
1270 2695 1340 2780 ἡγε-

243 2804 368 2882 μονιάν,
394 2805 445 2865 καὶ
466 2799 577 2884 ὁμοίως
600 2802 655 2885 τὴν
677 2801 816 2885 τελευτὴν
839 2803 892 2866 διὰ
911 2800 946 2867 τδ
969 2800 1057 2884 ἤπιον
1077 2799 1144 2884 ἅμα
1161 2804 1212 2866 καί
1229 2800 1263 2864 τά
1281 2806 1341 2864 τιῦν

312 2979 330 3032 3
348 2973 467 3046 ἄμοιρον
483 2978 574 3048 vulgo,
646 2997 649 3004 ·
676 2974 884 3044 cenetensem,
902 2974 1017 3040 ἐκείνοις
1033 2977 1067 3031 c.

243 3131 290 3183 sed
308 3130 411 3183 nonnisi
429 3131 582 3186 accusaris
596 3133 680 3202 stirpe
692 3131 758 3184 ortis
771 3131 908 3201 imperium
925 3135 1041 3187 tradere.
1075 3130 1175 3185 medius
1188 3129 1269 3197 igitur
1284 3135 1343 3182 orat

243 3199 395 3252 adolescens
412 3201 527 3269 (ἔσεται,
551 3217 635 3270 neque
650 3217 745 3270 expers
761 3201 864 3269 imperii
883 3204 1005 3269 honoris,
1028 3218 1114 3270 neque
1131 3209 1240 3268 propter
1256 3199 1342 3250 socios
1378 3207 1382 3215 ·

244 3269 407 3338 principatus
425 3287 525 3322 omuem
543 3281 705 3337 corneoutm,
722 3287 787 3338 prae
801 3270 852 3322 iilis
869 3291 934 3325 vero
948 3272 1115 3341 praecipuum
1129 3271 1229 3321 hebens
1243 3269 1342 3319 Caesu-

243 3339 281 3390 ris
296 3355 448 3405 cognomen,
466 3340 536 3410 quod
553 3348 688 3408 superstes
705 3339 784 3391 etiem
799 3342 941 3394 auunculus
959 3341 986 3392 ei
1000 3341 1119 3403 dederat,
1136 3355 1192 3389 cum
1206 3352 1342 3388 successo-

243 3421 298 3458 rem
315 3407 367 3460 sibi
387 3424 444 3460 eum
464 3407 612 3478 relinquere
630 3407 819 3460 constituisset.
854 3421 991 3478 postquem
1010 3426 1092 3473 vero,
1116 3417 1216 3458 mortuo
1231 3404 1343 3472 Lepido,

243 3477 392 3544 Aegyptum
408 3493 465 3528 cum
480 3477 608 3543 Antonio,
635 3477 695 3545 qui,
720 3476 818 3528 Fulvio
836 3494 928 3532 surore
945 3478 1002 3529 eius
1015 3474 1166 3546 repudiato,
1185 3475 1343 3553 Cleopatrae

243 3563 306 3597 sese·
321 3547 440 3610 dederat,
457 3546 602 3615 surperavit,
619 3563 650 3597 ec
668 3543 825 3598 domesticus
837 3545 1012 3598 Romanorum
1025 3547 1115 3597 turbes
1129 3551 1284 3611 composuit,
1300 3541 1341 3592 in-

243 3614 322 3666 ustus
338 3621 365 3664 et
382 3615 440 3682 ipse
454 3632 511 3667 cmn
527 3616 570 3666 dei
584 3629 678 3666 nornen
694 3614 839 3682 usurpavit,
857 3614 903 3683 qui
920 3631 1004 3682 nuper
1020 3615 1137 3666 modeste
1155 3613 1270 3679 egisset,
1289 3619 1341 3661 tum

242 3682 339 3750 tempto
357 3682 447 3734 horrori
467 3700 513 3735 suo
532 3691 684 3736 consecrate
700 3682 817 3750 recepit,
841 3691 869 3736 et
881 3684 1047 3754 pontificem,
1064 3692 1185 3751 tsrsqunm
1204 3677 1340 3732 intercala-

242 3759 285 3802 tus
298 3752 380 3816 deus,
399 3751 515 3818 cressit,
533 3769 609 3820 quem
623 3752 734 3819 primum
750 3751 821 3804 iuter
837 3753 988 3806 secerdotes
1002 3753 1125 3815 deorum,
1143 3749 1255 3817 quitum
1273 3746 1342 3799 coie-

243 3821 348 3886 bantur,
366 3819 512 3879 constituit.
548 3819 692 3887 insignibus
708 3828 794 3873 sutem
810 3820 928 3874 omnibus
942 3838 1005 3873 usus
1021 3830 1063 3872 est
1075 3820 1171 3887 quihus
1187 3826 1277 3885 puter3
1294 3815 1343 3866 mi-

243 3887 308 3940 litiis
324 3905 404 3955 vero,
432 3887 529 3940 officiis
547 3896 575 3940 et
589 3882 760 3953 satellitibus,
790 3896 854 3957 quot
870 3890 995 3943 Romulus
1013 3897 1041 3941 et
1063 3905 1151 3940 onmes
1169 3886 1291 3952 deinceps
1309 3885 1343 3936 ml

244 3974 302 4010 eum
320 3974 403 4026 usque
419 3957 459 4009 usi
475 3966 561 4009 erunt.
595 3954 675 4009 solum
692 3958 842 4025 magistrum
858 3959 974 4028 equitum
990 3957 1018 4008 in
1036 3956 1196 4024 praesectum
1211 3953 1343 4022 praeturio

243 4027 370 4091 mutsvit,
389 4042 518 4094 curruque
537 4025 650 4092 insigni,
669 4045 700 4078 ex
719 4034 827 4094 urgento
846 4029 933 4093 iacto,
960 4023 1116 4088 honoravit,
1142 4040 1254 4074 necnon
1272 4020 1344 4074 civiti

243 4094 334 4146 officio
353 4111 410 4146 eum
426 4094 569 4162 praefecit,
586 4111 652 4161 quos
668 4094 823 4162 Augustales
841 4113 857 4149 s
871 4104 956 4149 semet
969 4092 1129 4153 nominarim
1153 4092 1186 4142 de
1203 4090 1297 4160 quibus
1315 4088 1342 4139 in

242 4163 310 4216 libro
329 4165 361 4216 de
380 4161 468 4216 officio
486 4166 678 4232 praefectorum
698 4165 831 4232 praetorio
849 4165 925 4234 poulo
944 4172 1006 4232 pust
1022 4162 1189 4214 disseremus.
1224 4175 1343 4210 rrrsusue-

243 4239 297 4283 tum
315 4240 400 4282 temen
414 4249 443 4284 se
458 4232 559 4285 civibus
576 4231 715 4302 praebuit3
733 4235 801 4286 unde
815 4233 927 4286 Ronmni
942 4235 976 4284 de
990 4249 1022 4283 eo
1037 4231 1122 4299 patrio
1135 4245 1254 4281 sermone
1268 4225 1343 4278 dixe-

244 4308 308 4351 runt
330 4294 445 4353 “utinam
463 4320 511 4352 nec
529 4311 623 4366 nutus,
644 4318 692 4352 uec
708 4311 823 4354 mortuus
840 4296 971 4354 fuisset!”
1007 4301 1134 4368 optabant
1146 4297 1243 4366 quippe
1257 4304 1345 4347 oretum

246 4385 298 4421 non
322 4369 422 4444 fuisse,
447 4369 493 4440 qui
509 4369 580 4423 solus
599 4370 742 4428 Caesarum
758 4370 933 4442 principatum
950 4369 1096 4433 firmassem
1123 4367 1201 4422 iidem
1217 4372 1344 4418 mortuum
