3125 4959
375 512 376 515 ,
402 443 459 508 DE
484 440 818 513 MAGISTRATIBUS
843 446 877 514 P.
897 445 938 512 n
962 444 1042 513 LIB.
1060 446 1118 515 ΙΙΙ.
1234 449 1308 520 22⁷

210 612 356 696 βασιλεὺς
373 612 528 697 Ῥωμαίων
543 618 791 702 προεχειριζετο),
815 615 859 700 μὴ
880 612 955 682 εἶναι
973 615 1077 709 ῥηίδιον
1092 618 1194 697 άλλως
1209 648 1307 686 κειτα-

211 722 421 802 πυλεμηδῆναι
434 718 562 803 Πέρσας
575 717 619 801 μὴ
632 720 772 803 ἐξαπίνης
789 719 891 797 αύτοΐς
904 722 1094 806 ἐπιχεομένης
1104 719 1227 810 ίηύδου.
1254 727 1307 789 καὶ

212 820 390 907 συγγραφὴν
402 822 469 905 περὶ
483 819 591 886 τούτου
607 820 726 907 μονήρη
743 824 860 899 Κέλσος
879 820 1056 906 δῬωμαῖος
1070 824 1209 902 τακτικδς
1225 826 1305 890 ἀπο-

211 922 344 999 λέλοιπε,
376 928 485 1010 σαφιύς
505 920 715 989 ἀναδιδάσκων
739 922 781 1002 ὡς
808 925 862 990 ούκ
885 924 987 1003 άλλως
1009 928 1133 1014 Πέρσαι»
1145 925 1306 1010 Ῥωμαίοις

184 1022 471 1110 ὅπαραστήσονται,
496 1028 523 1089 εί
534 1025 578 1108 μὴ
594 1029 753 1115 αἰφνιδίως
768 1031 812 1103 είς
830 1028 885 1111 τὴν
904 1029 1022 1095 ἐκείνων
1037 1027 1146 1117 χώραν
1161 1027 1306 1113 Ῥωμαῖοι

209 1126 322 1213 γνόφου
339 1130 425 1211 δίκην
439 1125 658 1212 ένσκῆψουσιν,
684 1133 783 1196 αι’τίον
802 1131 856 1196 ούιι
877 1129 936 1209 έξω
956 1131 1046 1217 λόγου
1063 1131 1305 1219 παρασχόμενος.

208 1224 229 1311 ἦ
253 1230 285 1292 δέ
303 1230 427 1315 τοιαύτη
445 1232 532 1297 έστίν.
585 1230 675 1316 (34)
700 1236 833 1321 Περσῶν
854 1230 870 1297 ὁ
893 1238 989 1316 δῆμος
1012 1234 1090 1311 ὅλως
1109 1237 1160 1299 καί
1180 1234 1304 1321 σύμπαν

208 1327 310 1407 ἀπλιῦς
324 1332 358 1397 τὸ
375 1333 464 1410 έθνος
477 1334 585 1399 εἴωθεν
605 1336 653 1399 ἐπὶ
670 1335 801 1418 πόλεμον
816 1333 930 1422 ὁρμάν,
956 1333 1067 1413 desei
1081 1335 1226 1420 Ῥωμαῖοι
1242 1338 1303 1425 πρδ

206 1439 260 1517 τῆς
273 1438 401 1518 Μαρίου
423 1443 482 1501 τῶν
502 1439 669 1522 λεγομένων
684 1439 831 1523 λεγιιύνων
851 1435 1025 1518 διατάξεως.
1075 1442 1303 1524 διχοτομούντες

165 1545 200 1600 10
207 1527 261 1600 ούν
277 1536 440 1625 άνδρωπον
455 1539 542 1605 αὐτοὶ
561 1540 613 1605 διά
627 1541 720 1623 μέσον
736 1550 797 1607 τῶν
815 1540 870 1607 δύο
887 1548 942 1606 τού
955 1539 1097 1624 σώματος
1110 1550 1213 1625 τομῶν
1232 1546 1303 1607 δια-

203 1638 365 1721 βιβάζουσι
381 1641 432 1706 τδν
447 1641 586 1729 στρατύν.
618 1648 711 1727 δῆλον
724 1645 782 1732 γάρ
797 1642 840 1722 ὡς
853 1645 910 1727 οὐχ
926 1643 1078 1731 ὡρισμένα
1091 1647 1162 1711 οάδέ
1174 1646 1303 1732 εὐτρεπῆ

203 1742 417 1829 στρατεύματα
430 1748 592 1833 τρέφουσιν
611 1747 639 1811 oi
659 1750 799 1832 Πέρσαι,
828 1745 870 1825 ὡς
893 1746 1031 1830 ἑτοίμους
1051 1746 1224 1834 εἶναιπρὸς
1245 1750 1303 1825 τάς

202 1843 313 1929 μάχας,
340 1846 440 1934 ὥσπερ
453 1846 606 1932 Ῥωμαῖοι.
631 1848 743 1936 χρόνου
760 1854 811 1915 δεῖ
820 1852 920 1915 τοίνυν
934 1851 1036 1927 αύτοΐς
1051 1855 1095 1928 εἰς
1106 1851 1303 1937 παρασκευὴν

203 1957 336 2035 στρατού
348 1954 397 2015 καί
411 1951 547 2034 δαπάνης
561 1950 742 2037 ἀποχρώσης
754 1960 799 2039 τῷ
812 1954 949 2041 πολέμῳ·
970 1938 1047 2020 dote
1060 1951 1219 2041 ἀρμύδιον,
1239 1979 1302 2040 φη-

162 2057 194 2111 15
203 2055 251 2114 σίν
266 2050 283 2115 d
299 2054 432 2134 Κέλσος,
459 2051 614 2137 ἀδοκήτως
634 2053 737 2130 αὐτοῖς
753 2058 911 2132 ἐπελθεῖν,
945 2057 996 2119 καὶ
1014 2053 1150 2137 μάλιστα
1171 2054 1224 2119 διὰ
1245 2063 1302 2137 τῆς

201 2154 354 2234 Κολχίδος
369 2157 407 2221 τά
424 2160 568 2241 προοίμια
581 2162 637 2240 τῆς
655 2155 767 2242 έηύδοο
784 2154 1017 2240 λαμβανούσης·
1042 2157 1185 2240 Λαζικὴν
1202 2156 1299 2239 adesis

201 2256 233 2331 ἓξ
246 2252 389 2339 ἡγεμόνος
402 2261 633 2341 έπιηημίζυυσιν
651 2260 680 2321 οἱ
693 2260 770 2323 καθ’
788 2257 879 2342 ἡμᾶς.
930 2256 950 2342 ἦ
966 2259 1025 2347 γάρ
1041 2261 1195 2346 δυσχωρία
1212 2262 1300 2345 Πέρ-

201 2382 270 2433 σαις
286 2358 485 2440 λππηλατοὶσι
504 2360 711 2438 δυσέμβατος·
737 2358 812 2423 ὅθεν
827 2360 983 2445 ἀηύρητος
998 2362 1102 2439 αύτοῖς
1118 2359 1134 2427 δ
1152 2366 1297 2449 Κουρβο-

201 2462 263 2540 λάιν
276 2462 324 2524 ἐπὶ
339 2467 394 2525 τού
404 2462 546 2545 Νέρωνος
561 2457 673 2546 έητάνη·
696 2460 750 2536 τὰς
761 2462 820 2547 η’ἀρ
834 2463 986 2547 ε’κδρομάς
999 2464 1099 2554 αὐτῶν
1113 2464 1170 2539 τάς
1185 2467 1217 2527 ἓν
1230 2474 1297 2539 ταῖς

159 2566 340 2649 ἳθέρημίαις
366 2569 419 2645 τῆς
439 2565 588 2649 Περσίδος
613 2562 665 2625 διά
683 2571 737 2647 τῆς
752 2561 906 2649 Ὑρκάνης
922 2563 1103 2643 ἀποκλείσας
1121 2565 1177 2649 τὴν
1192 2568 1225 2629 ἐκ
1240 2572 1296 2649 τῆς

200 2674 299 2751 (μηνί-,ς
321 2668 404 2746 νίκην
426 2666 564 2750 ἀηειλεν,
590 2662 632 2740 ὡς
657 2668 688 2729 έν
711 2673 873 2756 στενωπῷ,
905 2664 978 2733 ὅσον
996 2658 1067 2752 ἧκεν
1081 2671 1124 2745 είς
1137 2667 1295 2755 Περσικὰς

198 2770 442 2849 πολυπληθείης,
469 2768 679 2852 ζωγρηθέντας
702 2771 744 2843 είς
762 2766 861 2852 μύιην
885 2768 941 2853 τὴν
962 2770 1040 2856 πρδς
1061 2778 1105 2861 τῷ
1126 2774 1297 2861 Μυγδονίην

265 2992 327 3050 eet
342 2992 420 3061 vulgo
436 3010 487 3049 em.
556 2992 676 3047 7rnaiim
693 2985 768 3056 ύλος.
786 2995 821 3047 Π.
892 2994 926 3047 16
938 2988 1109 3065 κάλζεδοεῦ.
1177 2989 1293 3052 meiuo-

264 3062 358 3123 κλίνας
377 3064 410 3116 C.
514 3064 549 3119 22
564 3062 687 3131 μιηδιονι
699 3056 883 3131 ἀντιστοιχίαν
896 3064 931 3117 C.

198 3265 340 3330 emineret,
359 3264 503 3332 imperator
519 3264 693 3319 Romanorum
710 3266 877 3333 creabatur),
895 3282 949 3320 non
965 3283 1024 3321 esse
1041 3266 1120 3319 facile
1136 3265 1213 3319 aliter
1225 3265 1292 3320 Per-

197 3354 241 3392 sas
259 3334 388 3388 debellare
406 3332 458 3383 nisi
473 3334 561 3385 serbito
579 3337 666 3386 ineos
682 3335 780 3402 impetn
796 3337 877 3387 fecto.
912 3337 947 3389 de
962 3352 1014 3404 que
1026 3335 1121 3389 librum
1135 3334 1294 3403 singularem

199 3405 292 3457 Celsus
309 3404 439 3456 Romanus
456 3401 567 3455 tncticns
580 3402 700 3472 reliquit,
719 3403 746 3455 in
760 3420 812 3471 qno
825 3404 965 3485 perspicue
977 3406 1056 3457 doeet
1067 3422 1119 3457 non
1133 3403 1209 3455 aliter
1225 3404 1292 3454 Per-

197 3492 241 3527 sas
259 3472 382 3526 Romanis
391 3470 594 3536 ἐμπιπλάμενον,
616 3472 668 3524 nisi
691 3482 802 3541 repente
826 3490 855 3525 ιιι
876 3490 966 3525 eorum
988 3482 1084 3525 terrem
1099 3472 1210 3523 Romani
1225 3471 1290 3522 cali-

197 3543 266 3611 ginis
293 3542 377 3594 instar
398 3540 514 3601 irr·nent;
544 3558 649 3595 censam
670 3542 832 3613 probabilem
854 3544 971 3610 addens,
999 3558 1067 3610 quoe
1091 3548 1133 3591 est
1152 3539 1290 3593 eiusmodi.

196 3612 256 3677 (34)
274 3611 412 3663 Berssrum
432 3606 539 3677 populus
558 3608 585 3661 in
604 3609 753 3663 universum
771 3630 802 3663 ae
814 3618 872 3667 tete
886 3612 990 3663 omnino
1006 3608 1077 3661 notio
1094 3607 1123 3660 in
1139 3606 1234 3662 bellum
1249 3607 1290 3661 iro

196 3680 348 3745 consuevit,
365 3678 443 3731 sicuti
456 3678 566 3729 Romani
578 3696 683 3749 quoque
701 3681 810 3734 necdum
827 3697 843 3732 a
856 3680 957 3746 Mario,
974 3694 1039 3746 ques
1052 3676 1170 3745 legiones
1183 3687 1289 3744 vocent,

195 3748 354 3801 constitutis.
391 3747 435 3816 qui
457 3762 512 3799 curn
533 3746 661 3800 hominem
685 3750 807 3803 bifariam
825 3748 954 3813 divisere,
979 3762 1029 3815 per
1046 3745 1159 3801 medium
1181 3746 1290 3801 dunen

194 3816 313 3884 eorporis
330 3816 442 3885 portium
459 3815 600 3868 exereitum
617 3820 724 3872 ducunt.
759 3827 833 3887 patet
847 3816 915 3868 enim
931 3831 1017 3884 neqne
1034 3824 1121 3868 certes
1138 3831 1224 3883 neque
1241 3831 1289 3867 ex-

193 3886 298 3955 peditas
315 3884 404 3954 copies
422 3884 562 3937 sustentari
581 3902 598 3937 ει
613 3884 713 3955 Persis,
732 3886 807 3956 queis
824 3885 858 3937 ad
870 3901 988 3957 pugnas,
1006 3883 1086 3937 sicuti
1098 3882 1223 3949 Romani,
1241 3899 1289 3951 pa-

193 3953 246 4006 rati
266 3955 328 4007 sint.
364 3964 482 4022 tempore
501 3954 589 4023 itaque
608 3952 642 4005 iis
663 3972 729 4024 opus
750 3962 793 4007 est
810 3954 844 4007 ed
863 3954 1007 4005 exereitum
1029 3958 1057 4005 et
1072 3961 1201 4021 sumptum
1219 3950 1289 4003 belle

193 4022 368 4076 sufficientem
390 4025 538 4092 parandos3
560 4039 640 4090 quere
664 4041 822 4092 congruum,
848 4021 886 4075 eit
902 4022 1010 4088 Celsus,
1033 4023 1067 4074 de
1082 4020 1227 4091 impreviso
1242 4034 1291 4072 eos

193 4093 320 4158 aggredi,
338 4110 369 4144 no
385 4092 494 4145 maxime
512 4109 561 4161 per
576 4090 727 4145 Colchidem
745 4091 884 4159 (Loricam
900 4108 956 4143 enm
973 4092 1073 4143 educe
1090 4107 1158 4143 none
1174 4090 1289 4155 vocent)

192 4159 295 4212 initium
313 4161 456 4213 irnesionis
474 4162 573 4213 secere.
608 4159 760 4215 difficilibus
775 4161 872 4242 quippe
888 4158 953 4212 iocis
967 4159 1081 4226 Persae,
1105 4166 1197 4227 utpote
1211 4156 1288 4239 equi-

192 4238 250 4295 tes,
277 4230 382 4296 aegrius
399 4230 532 4282 incedunt.
568 4231 636 4282 unde
651 4228 824 4283 intolerabilis
841 4229 874 4280 ris
891 4228 1007 4281 Corbulo
1025 4230 1074 4281 sub
1090 4228 1199 4280 Nerone
1215 4242 1289 4279 visus

193 4306 248 4349 est:
266 4314 324 4350 natu
342 4316 399 4350 enm
415 4298 582 4351 excursiones
601 4314 689 4353 eorum
707 4317 722 4351 e
742 4298 860 4351 Persidis
879 4297 993 4349 desertis
1009 4314 1058 4366 per
1070 4294 1231 4363 Hyrcaniam
1245 4292 1289 4345 in-

192 4365 362 4430 terclusisset,
380 4367 515 4421 victoriam
531 4384 547 4419 ει
564 4370 628 4436 fuge
644 4366 759 4449 eripuit3
771 4410 773 4415 .
784 4377 814 4420 ut
828 4367 855 4418 in
871 4366 1000 4433 ongnrstiis
1010 4374 1161 4436 ,qnantum
1177 4364 1206 4415 in
1222 4361 1288 4430 ipsis

192 4444 263 4502 eret,
281 4443 358 4506 eapte
371 4434 510 4491 Persenun
527 4436 664 4491 rnultitude
680 4454 710 4492 ιιι
727 4435 808 4494 solen
824 4434 987 4492 Antiochiam
1003 4434 1147 4504 Mygdonio
1164 4431 1287 4489 adiacen-
