3125 4959
625 432 872 503 tiammo.
1239 451 1298 501 aas

200 651 368 696 mmuorare
389 630 527 718 Lysiam,
546 634 596 695 sel
617 635 711 695 rarius
727 634 915 695 mentionem
929 631 1029 693 iacere
1048 632 1296 696 caerimoniarum

152 802 154 805 .
200 752 234 811 in
249 752 333 839 deca,
354 772 485 833 eumque
495 752 649 837 silentium
661 748 836 813 huiusmodi
846 772 907 813 uon
919 761 1019 812 tutum
1029 748 1120 812 mutio
1130 751 1185 813 sad
1196 749 1296 814 boue·

199 874 366 933 atissirnum
381 892 502 955 quoque
516 890 582 933 esse
596 870 781 933 arbitratum.
807 873 967 956 inquisisse
982 873 1016 931 in
1029 872 1122 931 vitam
1135 871 1297 935 Caesarum

200 995 329 1073 capitale
342 1002 405 1053 erat
425 989 492 1073 (adi
504 992 537 1051 iu
550 993 655 1072 primii
668 995 780 1055 lulium
791 994 956 1055 Fitmicum
966 990 1165 1053 oeconomia.
1179 994 1202 1057 2
1221 990 1303 1070 tt);,

198 1130 298 1192 neque
312 1108 406 1187 illud,
427 1130 517 1191 agere
534 1107 573 1171 de
588 1113 776 1173 caerimoniis
788 1114 921 1194 pristinis
932 1153 942 1188 ,
952 1110 1101 1171 'molestia
1120 1128 1175 1171 sus
1195 1130 1296 1174 carere

69 1313 72 1318 ι
200 1226 328 1288 debebat
348 1240 446 1291 aetate
465 1228 555 1311 Lydi.
597 1228 638 1291 ad
661 1232 838 1311 religiones,
859 1229 976 1291 divinas
997 1230 1067 1291 illas
1092 1226 1216 1312 quidem
1235 1229 1292 1292 aed
1307 1252 1336 1309 p.
1350 1251 1392 1290 ux

198 1366 311 1424 novas,
332 1345 432 1408 studio
449 1348 632 1411 inflammato
650 1360 723 1411 tunc
738 1350 931 1430 rapiebantur
942 1350 1079 1432 plerique
1097 1368 1220 1426 omnea3
1243 1353 1298 1433 qui

197 1466 328 1546 impium
349 1464 430 1548 (uisi
444 1486 494 1527 me
509 1466 603 1547 iallo)
626 1479 813 1549 reputassent
825 1468 958 1557 proferre
973 1470 1007 1529 in
1019 1468 1137 1546 lucem,
1158 1486 1236 1552 quse
1256 1489 1300 1531 ex

198 1584 375 1665 pontificum
393 1585 479 1647 libris
504 1588 629 1647 eruisset
650 1589 759 1671 aliquis
782 1586 822 1648 de
835 1589 982 1668 auspiciis
995 1589 1110 1665 cliviis,
1130 1589 1223 1648 sacris
1237 1607 1298 1647 no-

198 1703 398 1781 vendialibus,
419 1706 609 1767 lectisterniis
625 1705 783 1782 faciundis,
805 1705 1072 1787 supplicationibus
1089 1709 1168 1767 circa
1182 1709 1297 1789 templa

197 1826 269 1884 fana
290 1826 460 1905 pulvinaria
485 1823 691 1887 decernendis.
734 1826 948 1908 qumnobrem,
974 1826 1101 1904 opinor,
1123 1822 1206 1896 baud
1230 1830 1296 1888 siue

119 1926 124 1935 ¹
197 1948 283 2025 gravi
295 1965 385 2007 causa
397 1963 460 2004 uon
472 1946 532 2006 nisi
543 1965 651 2026 pauca,
672 1964 768 2025 eaque
779 1943 916 2020 obsorara,
937 1945 1078 2024 antiquae
1092 1950 1295 2025 persuasionis

198 2066 326 2142 vestigia
346 2065 380 2122 in
401 2066 552 2144 excerptis
564 2066 627 2125 suis
642 2060 888 2145 reliquitbytlns.
930 2062 1052 2144 reliquit
1070 2072 1190 2142 manen,
1211 2068 1296 2129 velut

197 2201 231 2263 p·
245 2184 308 2247 288
327 2185 368 2245 10
389 2178 427 2242 tle
444 2182 551 2262 populi
562 2182 634 2244 victi
648 2183 836 2243 caerimoniis
848 2180 889 2241 ad
900 2183 1053 2243 Romanos
1067 2182 1295 2245 transferendis.
1313 2252 1315 2256 .

196 2302 273 2361 item
294 2304 327 2362 in
351 2302 507 2381 ftalgurmu
534 2301 827 2382 interpretationibus
855 2321 888 2382 p·
907 2296 970 2367 842
990 2334 1031 2346 -
1051 2299 1131 2380 848,
1163 2303 1233 2382 ubi,
1266 2299 1295 2364 si

195 2437 292 2502 panca
306 2421 479 2500 exceperis,
499 2421 562 2479 iam
575 2418 655 2481 nibil
668 2422 724 2483 erit
735 2440 843 2484 causae
862 2392 940 2505 quin*
952 2418 1056 2486 ctsdm
1070 2431 1206 2502 sumptas
1224 2422 1295 2483 inm

195 2558 263 2599 esse
281 2556 323 2598 ex
340 2537 418 2599 libro
434 2548 535 2605 vetera
545 2540 699 2620 pontificio
712 2542 816 2601 rituali
826 2539 981 2619 tugurii
1022 2538 1131 2621 quibus
1147 2536 1185 2598 de
1198 2539 1295 2615 libris,

196 2664 228 2715 et
246 2656 369 2716 omnino
395 2655 433 2716 ‹le
454 2659 587 2720 fontibus
610 2659 692 2720 unde
713 2658 816 2720 hausit
833 2668 936 2719 auctor
948 2667 1066 2734 noster,
1087 2676 1158 2717 oum
1171 2677 1207 2718 ea
1221 2680 1295 2741 pro·

195 2775 297 2854 prium
312 2792 387 2853 opus
404 2773 590 2852 desiderent,
612 2779 731 2859 sintque
749 2796 813 2837 nou
832 2777 930 2857 magis
951 2776 1092 2857 ambigna
1105 2796 1197 2858 quarn
1210 2777 1294 2839 diiii-

195 2893 268 2951 cilia
287 2890 457 2971 explicatu,
478 2895 608 2955 conabor
624 2894 787 2978 aliquando
803 2896 970 2957 accuratius
982 2915 1088 2977 agere,
1109 2896 1217 2958 eodem
1229 2899 1294 2959 iera

195 3008 288 3072 modo
309 3008 357 3091 (ai
378 3020 480 3072 tamen
501 3013 634 3096 possim)
656 3035 718 3098 quo
742 3036 841 3095 nuper
860 3018 908 3078 vir
928 3036 1064 3078 summus
1082 3018 1294 3095 Alllilieeren,

108 3194 114 3201 ,
196 3130 282 3190 cuius
293 3131 389 3209 gloria
402 3131 492 3212 longe
508 3134 614 3196 clarior
626 3145 675 3195 eat·
685 3155 777 3219 quum
792 3147 826 3194 ut
838 3145 939 3198 nostro
955 3156 1088 3197 crescere
1102 3137 1196 3217 possit
1208 3138 1295 3197 testi-

196 3248 319 3323 monio,
338 3248 372 3306 in
391 3254 642 3314 commentatione
657 3255 703 3313 lie
715 3253 894 3324 fontibuaet
909 3257 1083 3315 auctoritate
1096 3257 1225 3315 vitarum
1238 3276 1295 3337 pa·

196 3364 371 3426 rallelarum
392 3366 562 3447 Plutarchi,
584 3368 665 3431 edita
684 3373 843 3453 Gottingae
865 3376 957 3448 1820,
976 3376 1008 3438 8·
1050 3389 1086 3430 ³⁰
1108 3373 1234 3435 furiatae
1255 3374 1295 3435 ad
1310 3400 1339 3455 p·
1356 3403 1405 3442 xxr

195 3482 257 3561 boo
268 3494 361 3566 caput
373 3487 585 3569 antiquitatum
598 3491 802 3553 Romanarum
812 3493 947 3572 aliquam
961 3478 1040 3571 potis
1053 3511 1105 3553 ero
1121 3490 1227 3553 afferre
1241 3515 1294 3555 ac-

196 3607 374 3666 cessionem.
415 3624 488 3665 uam
507 3606 688 3687 fragmenta,
716 3612 980 3694 quantulacunque
1001 3610 1080 3687 siat,
1100 3621 1217 3673 veteres
1236 3634 1294 3694 po-

197 3726 263 3806 puli
280 3724 410 3786 Romani
430 3725 590 3805 religiones
611 3728 811 3811 explicantia,
841 3728 964 3787 Lcmoii
981 3728 1143 3805 Alimenti,
1173 3732 1293 3812 Anysii,

196 3842 367 3925 atpium,
397 3844 496 3904 aava
515 3845 630 3939 Flacci,
657 3850 737 3913 rann
757 3817 902 3925 cassu,
932 3848 1019 3908 nean
1037 3849 1147 3925 moa,
1168 3850 1294 3912 nnana

160 3981 162 3987 ·
198 3962 321 4039 Sabini,
341 3964 422 4039 Nisi,
442 3964 549 4023 Rutilii
570 3965 689 4027 Gemini
711 3968 899 4051 aliorumque
920 3987 1154 4049 anonymorum,
1183 3969 1294 4049 collegi

197 4080 374 4142 iamdudum
387 4081 597 4164 undecunque,
610 4104 680 4145 curu
691 4108 733 4149 ex
742 4088 828 4150 libris
841 4086 940 4167 editis,
954 4089 1149 4169 maxisneque
1160 4109 1178 4146 e
1189 4106 1293 4167 gram-

118 4185 121 4191 ’
195 4203 329 4277 matiois,
358 4204 425 4262 turia
451 4222 493 4263 ex
521 4199 608 4263 codd.
632 4209 842 4291 manuscriptis
862 4210 965 4288 Regiis
982 4205 1291 4287 bibliothecarumqae

194 4319 339 4398 aliarum,
369 4335 516 4406 quotquot
536 4327 569 4384 in
589 4325 745 4389 itineribus
764 4331 840 4391 meis
861 4327 974 4390 italicis
996 4328 1081 4411 potui
1101 4326 1291 4410 pemmi-
