3125 4959
252 409 301 456 xu
539 386 650 455 nasu
674 386 731 454 DE
754 386 913 455 loauuu
936 387 1054 455 LYDO

251 607 312 649 non
320 589 420 649 minus
427 586 801 670 probaremus(opinor)in
816 597 851 647 eo
862 586 980 667 copiam
990 597 1021 647 et
1033 586 1133 649 literas
1144 598 1174 648 et
1187 589 1342 652 scientiam

251 711 352 749 rerum
374 702 525 769 veterum,
544 712 635 775 quam
658 693 690 749 in
713 692 810 749 Fastis
832 689 972 766 P0vidii,
994 691 1047 772 qui
1062 703 1270 770 argumentum
1283 695 1341 753 sibi

250 794 349 852 simile
378 796 523 874 sumpsit,
555 797 729 853 varietatem
757 802 788 851 et
815 812 941 851 acumen
963 804 993 851 et
1015 796 1192 853 suavitatem
1216 797 1340 873 ingenii.

248 893 303 955 sed
313 897 366 953 ille
379 896 501 977 quidem
516 899 592 956 liber
605 906 685 956 totus
698 896 830 970 interiit,
850 905 936 954 extra
953 892 1012 953 duo
1025 898 1058 953 in
1071 894 1173 956 codice
1187 897 1340 960 Caseobuo

248 1008 365 1057 servata
387 999 479 1075 lolia,
508 1002 712 1078 epitomasque
733 1007 888 1076 praeterea
909 1001 984 1057 item
1003 996 1078 1057 duas
1099 999 1132 1056 in
1154 997 1340 1061 bibliothecis

247 1102 360 1178 passim
379 1110 530 1160 exstantes
550 1102 732 1181 Lipsiaequa'
749 1119 778 1158 a.
797 1099 887 1176 1794,
912 1105 949 1176 8,
977 1120 1019 1160 ex
1036 1099 1208 1181 apographo
1226 1103 1340 1162 Nicolai

130 1222 157 1273 p.
177 1220 230 1261 xru
249 1200 375 1278 Schow,
395 1204 574 1281 amplissimi
597 1206 654 1261 riri
676 1213 764 1283 atque
788 1200 968 1278 doctissimi,
989 1205 1070 1282 typis
1087 1202 1258 1281 descriptas.
1303 1202 1340 1264 ds

248 1306 356 1385 quibus
369 1305 508 1363 omnibus
521 1305 639 1383 planius
650 1302 776 1384 posthac
789 1303 904 1379 dicam,
922 1306 1056 1385 itemque
1070 1304 1107 1363 de
1120 1302 1249 1365 secundo
1261 1304 1340 1385 uydt

247 1416 353 1485 opere,
375 1426 415 1466 or
437 1424 696 1468 usorsraarrous
719 1426 772 1469 aar
793 1423 943 1468 ronascle
962 1410 1138 1483 ltonsrsr,
1159 1406 1228 1490 περὶ
1241 1401 1341 1488 ἀρχῶν

246 1510 302 1585 τῆς
313 1505 465 1588 Ῥωμαίων
479 1511 645 1586 πολιτείας,
667 1511 752 1569 libris
769 1510 866 1574 tribus
878 1519 946 1589 post
960 1512 1188 1573 commentarios
1201 1508 1238 1568 de
1252 1512 1341 1569 Men·

244 1609 327 1667 sibus
347 1612 480 1689 vulgato.
521 1611 555 1671 id
577 1633 653 1692 opus
673 1624 833 1693 antequam
853 1608 911 1669 hac
927 1608 1058 1671 editione
1073 1614 1153 1693 typis
1165 1610 1342 1673 mandatum

245 1720 307 1785 ast,
331 1732 386 1791 per
401 1733 494 1774 annos
509 1715 572 1774 fere
589 1714 651 1779 800
668 1712 786 1773 delituit
799 1715 832 1770 in
847 1732 907 1771 uuo
922 1714 987 1774 solo
1002 1712 1136 1795 (opinor)
1151 1735 1248 1798 eoque
1261 1716 1341 1779 mala

245 1812 351 1874 affecto
363 1814 483 1892 codice,
504 1837 560 1875 nec
574 1818 735 1898 quicquam
747 1816 869 1895 propius
887 1817 1057 1877 estfactum
1069 1837 1163 1900 quam
1174 1828 1208 1878 ut
1219 1837 1340 1897 prorsus

245 1915 403 1980 occideret.
445 1922 568 1978 tertium
591 1929 693 1978 autam
714 1938 789 2000 opus
810 1928 856 1979 ast
871 1928 939 1997 post
959 1920 1012 1975 illa
1036 1917 1095 1977 duo
1115 1920 1276 1995 scriptam,
1298 1936 1338 1976 os

244 2021 418 2097 Oaraurrs,
439 2019 508 2104 sarci
520 2022 717 2101 διοσημειῶν,
737 2040 833 2101 aeque
847 2016 993 2076 ineditum
1005 2028 1123 2097 praeter
1135 2037 1230 2097 pauca
1243 2036 1339 2101 quae·

243 2119 334 2195 dan13
367 2144 432 2205 quo
453 2121 597 2205 quicquid
618 2121 655 2181 de
683 2123 850 2199 aruspicina
873 2119 1074 2202 lrrlguralique
1093 2122 1200 2200 populi
1211 2121 1340 2180 Romani

242 2220 401 2301 disciplina
423 2235 453 2283 et
476 2228 612 2283 ursiverse
634 2219 816 2282 descientia
838 2231 1000 2300 auguratus
1025 2220 1218 2303 doctrinaque
1237 2223 1339 2283 Tusca

241 2332 375 2403 tempore
396 2327 554 2386 iustiniani
576 2324 652 2385 disci
672 2324 800 2404 scirique
822 2332 1241 2406 poterat,.quantumcunque
1265 2335 1338 2401 erat,

242 2424 320 2484 illud
332 2436 429 2486 totum
442 2426 546 2509 Lydus
560 2428 696 2489 contulit.
740 2428 794 2507 qui
806 2427 883 2485 liber
896 2445 956 2506 quo
971 2437 1015 2485 est
1024 2430 1122 2505 inagis
1135 2427 1338 2505 abstrusorum

241 2548 448 2611 novarumque
467 2551 568 2590 rerum
589 2532 697 2611 plenus
718 2526 817 2610 adque
837 2530 950 2606 priscas
969 2530 1075 2613 populi
1096 2529 1225 2595 Romani
1241 2530 1338 2587 caeri-

241 2634 358 2691 monias
380 2634 619 2714 religionumque
643 2632 813 2690 sanctitates
839 2631 959 2689 intimas
982 2627 1149 2690 noscendas
1170 2630 1271 2705 utilis,
1300 2650 1337 2690 eo

240 2736 385 2791 inriorem
407 2734 556 2793 desiderat
575 2736 608 2790 iu
627 2731 797 2811 legentibus
815 2728 1033 2791 dubitationem
1056 2743 1088 2792 et
1106 2752 1248 2807 acumen,
1276 2751 1337 2813 quo

239 2854 335 2893 novae
350 2846 418 2915 post
432 2838 469 2893 D.
483 2839 653 2914 Augustum
671 2855 726 2915 per
745 2844 849 2913 gentes
868 2834 953 2895 fusae
967 2836 1192 2914 superstitiones
1206 2836 1242 2893 ab
1257 2838 1336 2892 auti-

240 2939 393 3017 quissimis
413 2939 456 2997 rei
476 2938 614 3017 publicae
634 2938 778 2998 institutis
797 2939 1051 3019 lltruscoruruque
1070 2938 1235 3017 praeceptis
1255 2947 1334 2994 recte

241 3037 471 3119 distinguantur.
513 3060 570 3097 nec
596 3038 752 3099 dissimulo
776 3041 898 3098 omnino
914 3059 964 3098 me
979 3038 1079 3098 dolere
1097 3035 1178 3118 quod
1191 3047 1255 3096 tam
1266 3058 1335 3099 sero

127 3164 153 3215 p.
173 3160 223 3201 ιιι
240 3139 344 3218 Lydus
361 3140 400 3199 ad
415 3140 586 3200 scribendos
597 3138 653 3201 hos
667 3142 760 3200 libros
774 3160 807 3199 se
825 3142 1031 3221 applicaverit,
1053 3159 1147 3199 annos
1163 3150 1252 3200 uatus
1268 3160 1336 3201 am-

239 3242 320 3319 plius
336 3245 393 3316 60,
413 3243 592 3301 labefactata
610 3245 673 3303 iam
693 3263 728 3303 ac
746 3246 905 3303 vacillante
918 3242 1110 3317 memoriola,
1132 3244 1215 3303 cuius
1231 3245 1335 3303 immi-

238 3346 323 3403 nutio
344 3365 413 3403 cum
435 3346 466 3403 in
490 3348 573 3405 omni
587 3347 729 3425 scriptore
744 3356 789 3404 est
800 3342 1006 3419 incommoda,
1026 3354 1093 3403 tum
1105 3348 1240 3405 maxime
1252 3348 1285 3403 in
1298 3365 1335 3405 eo

238 3447 292 3525 qui
306 3444 474 3507 reconditas
487 3450 579 3529 inque
592 3450 701 3525 vulgus
717 3449 833 3523 ignotas
850 3465 897 3505 res
910 3466 988 3505 unus
1000 3457 1114 3507 tractet.
1156 3446 1234 3506 adde
1245 3446 1334 3523 illud,

238 3559 369 3621 veteres,
391 3549 551 3630 siquando
565 3547 766 3610 inscribendo
783 3547 912 3606 aliorum
928 3550 1019 3609 rerba
1037 3549 1193 3626 afferrent,
1214 3569 1333 3609 memo-
1382 3535 1384 3538 ¹

238 3651 310 3708 riter
335 3652 511 3733 plerumque
534 3672 591 3710 nec
614 3652 676 3710 ullo
696 3650 816 3709 evoluto
836 3651 990 3711 volumine
1007 3672 1043 3710 ea
1061 3653 1126 3711 loca
1146 3672 1212 3711 esse
1228 3654 1262 3711 in
1278 3671 1334 3711 sua

237 3752 395 3811 transferre
417 3757 525 3834 scripta
547 3754 669 3828 solitos,
688 3754 854 3812 sententiae
875 3750 1081 3833 multomagis
1096 3772 1188 3833 quam
1201 3753 1333 3811 vocabu-

237 3856 335 3913 lorum
350 3852 453 3915 habita
467 3860 590 3916 ratione.
633 3875 710 3937 quae
727 3854 908 3915 consuetudo
922 3858 1042 3915 tametsi
1053 3876 1142 3935 saepe
1156 3853 1331 3934 trepidatio-

237 3978 308 4015 nem
322 3956 416 4017 doctis
430 3962 741 4041 perturbationemque
756 3958 871 4033 attulit,
892 3968 995 4017 tamen
1010 3968 1043 4017 ut
1059 3959 1199 4019 universe
1213 3972 1332 4015 summa

236 4061 374 4121 codicum
390 4062 490 4140 iuopia
504 4074 534 4119 et
547 4065 667 4119 caritate
683 4073 804 4142 totaque
817 4058 985 4119 studiorum
1001 4070 1031 4118 et
1045 4061 1125 4119 vitae
1139 4060 1251 4119 ratione
1273 4075 1330 4113 ex-

237 4165 349 4238 cusari,
371 4164 412 4220 ita
433 4164 464 4219 in
486 4164 523 4221 iis
539 4166 715 4241 praesertirn
729 4162 898 4221 auctoribus
916 4163 1028 4242 ubsque
1042 4181 1150 4241 magno
1164 4168 1247 4217 metu
1258 4156 1330 4215 ferri

236 4276 335 4345 potest
355 4244 409 4346 qui
432 4276 532 4323 menta
556 4269 617 4324 acri
631 4277 661 4324 et
675 4270 794 4344 vigente
809 4266 901 4325 libros
918 4263 1075 4324 ediderunt
1089 4281 1168 4322 suos.
1208 4258 1331 4340 Lydum

237 4378 353 4446 autem,
375 4368 554 4431 obliviosum
575 4388 611 4428 ac
632 4366 821 4451 desperatum
840 4387 961 4447 senem,
982 4368 1078 4428 fateor
1092 4364 1205 4445 passim
1222 4380 1259 4421 ea
1273 4360 1330 4422 ad-
