<?xml version="1.0" encoding="UTF-8"?>
<!DOCTYPE html PUBLIC "-//W3C//DTD XHTML 1.0 Transitional//EN"
    "http://www.w3.org/TR/xhtml1/DTD/xhtml1-transitional.dtd">
<html xmlns="http://www.w3.org/1999/xhtml" xml:lang="en" lang="en">
 <head>
  <title>
</title>
<meta http-equiv="Content-Type" content="text/html;charset=utf-8" />
  <meta name='ocr-system' content='tesseract 3.04.00' />
  <meta name='ocr-capabilities' content='ocr_page ocr_carea ocr_par ocr_line ocrx_word'/>
</head>
<body>
  <div class='ocr_page' id='page_1' title='image "./corpusscriptoru25theogoog/corpusscriptoru25theogoog_0054.png"; bbox 0 0 3125 4959; ppageno 0'>
   <div class='ocr_carea' id='block_1_1' title="bbox 224 434 984 504">
    <p class='ocr_par' dir='ltr' id='par_1_1' title="bbox 224 434 984 504">
     <span class='ocr_line' id='line_1_1' title="bbox 224 434 984 504; baseline 0 -1"><span class='ocrx_word' id='word_1_1' title='bbox 224 458 274 504; x_wconf 80' lang='lat' dir='ltr'>sss</span> <span class='ocrx_word' id='word_1_2' title='bbox 561 436 672 503; x_wconf 79' lang='lat' dir='ltr'>Hssn</span> <span class='ocrx_word' id='word_1_3' title='bbox 695 434 753 503; x_wconf 86' lang='lat' dir='ltr'>DE</span> <span class='ocrx_word' id='word_1_4' title='bbox 777 434 984 503; x_wconf 69' lang='lat' dir='ltr'>ostrum</span> 
     </span>
    </p>
   </div>
   <div class='ocr_carea' id='block_1_2' title="bbox 129 604 1325 4395">
    <p class='ocr_par' dir='ltr' id='par_1_2' title="bbox 129 604 1325 4395">
     <span class='ocr_line' id='line_1_2' title="bbox 225 604 1318 719; baseline -0.006 -23"><span class='ocrx_word' id='word_1_5' title='bbox 225 640 333 712; x_wconf 86' lang='lat' dir='ltr'>manis,</span> <span class='ocrx_word' id='word_1_6' title='bbox 356 658 388 717; x_wconf 90' lang='lat' dir='ltr'>p.</span> <span class='ocrx_word' id='word_1_7' title='bbox 401 655 453 695; x_wconf 77' lang='lat' dir='ltr'>uxr</span> <span class='ocrx_word' id='word_1_8' title='bbox 463 670 501 683; x_wconf 87' lang='lat'>-·</span> <span class='ocrx_word' id='word_1_9' title='bbox 510 656 631 697; x_wconf 80' lang='lat' dir='ltr'>sxxrn.</span> <span class='ocrx_word' id='word_1_10' title='bbox 671 604 901 719; x_wconf 81' lang='lat' dir='ltr'>necquicquam</span> <span class='ocrx_word' id='word_1_11' title='bbox 913 636 975 695; x_wconf 79' lang='lat' dir='ltr'>sere</span> <span class='ocrx_word' id='word_1_12' title='bbox 988 632 1066 694; x_wconf 90' lang='lat' dir='ltr'>mihi</span> <span class='ocrx_word' id='word_1_13' title='bbox 1076 631 1136 694; x_wconf 88' lang='lat' dir='ltr'>huc</span> <span class='ocrx_word' id='word_1_14' title='bbox 1148 630 1318 691; x_wconf 88' lang='lat' dir='ltr'>addendum</span> 
     </span>
     <span class='ocr_line' id='line_1_3' title="bbox 224 752 1318 836; baseline -0.005 -23"><span class='ocrx_word' id='word_1_15' title='bbox 224 767 287 831; x_wconf 86' lang='lat' dir='ltr'>est,</span> <span class='ocrx_word' id='word_1_16' title='bbox 307 757 367 813; x_wconf 88' lang='lat' dir='ltr'>nisi</span> <span class='ocrx_word' id='word_1_17' title='bbox 381 754 482 832; x_wconf 88' lang='lat' dir='ltr'>illud,</span> <span class='ocrx_word' id='word_1_18' title='bbox 502 776 563 815; x_wconf 87' lang='lat' dir='ltr'>nors</span> <span class='ocrx_word' id='word_1_19' title='bbox 582 756 677 815; x_wconf 88' lang='lat' dir='ltr'>multo</span> <span class='ocrx_word' id='word_1_20' title='bbox 690 766 759 836; x_wconf 86' lang='lat' dir='ltr'>post</span> <span class='ocrx_word' id='word_1_21' title='bbox 772 754 936 813; x_wconf 88' lang='lat' dir='ltr'>editionem</span> <span class='ocrx_word' id='word_1_22' title='bbox 950 755 1021 813; x_wconf 84' lang='lat' dir='ltr'>libri</span> <span class='ocrx_word' id='word_1_23' title='bbox 1034 757 1081 812; x_wconf 85' lang='lat' dir='ltr'>lle</span> <span class='ocrx_word' id='word_1_24' title='bbox 1098 752 1318 831; x_wconf 84' lang='lat' dir='ltr'>magistratibus</span> 
     </span>
     <span class='ocr_line' id='line_1_4' title="bbox 224 868 1316 953; baseline -0.008 -20"><span class='ocrx_word' id='word_1_25' title='bbox 224 893 425 953; x_wconf 75' lang='lat' dir='ltr'>possessorem</span> <span class='ocrx_word' id='word_1_26' title='bbox 440 872 569 950; x_wconf 85' lang='lat' dir='ltr'>codicis,</span> <span class='ocrx_word' id='word_1_27' title='bbox 590 877 690 935; x_wconf 79' lang='lat' dir='ltr'>virum</span> <span class='ocrx_word' id='word_1_28' title='bbox 705 874 853 933; x_wconf 74' lang='lat' dir='ltr'>illustrem</span> <span class='ocrx_word' id='word_1_29' title='bbox 865 873 903 929; x_wconf 87' lang='lat' dir='ltr'>G.</span> <span class='ocrx_word' id='word_1_30' title='bbox 913 873 952 929; x_wconf 81' lang='lat' dir='ltr'>A.</span> <span class='ocrx_word' id='word_1_31' title='bbox 967 869 1005 928; x_wconf 90' lang='lat' dir='ltr'>de</span> <span class='ocrx_word' id='word_1_32' title='bbox 1018 868 1316 940; x_wconf 77' lang='lat' dir='ltr'>Choiseul-Gouilier‚</span> 
     </span>
     <span class='ocr_line' id='line_1_5' title="bbox 226 985 1319 1072; baseline -0.005 -22"><span class='ocrx_word' id='word_1_33' title='bbox 226 1012 295 1050; x_wconf 88' lang='lat' dir='ltr'>omn</span> <span class='ocrx_word' id='word_1_34' title='bbox 318 990 497 1053; x_wconf 78' lang='lat' dir='ltr'>valetudinIs</span> <span class='ocrx_word' id='word_1_35' title='bbox 521 1012 613 1053; x_wconf 87' lang='lat' dir='ltr'>causo</span> <span class='ocrx_word' id='word_1_36' title='bbox 633 993 857 1072; x_wconf 84' lang='lat' dir='ltr'>Aquisgrannm</span> <span class='ocrx_word' id='word_1_37' title='bbox 876 991 1063 1065; x_wconf 86' lang='lat' dir='ltr'>secessisset,</span> <span class='ocrx_word' id='word_1_38' title='bbox 1095 989 1193 1048; x_wconf 90' lang='lat' dir='ltr'>subito</span> <span class='ocrx_word' id='word_1_39' title='bbox 1215 985 1319 1045; x_wconf 88' lang='lat' dir='ltr'>morbo</span> 
     </span>
     <span class='ocr_line' id='line_1_6' title="bbox 225 1104 1320 1193; baseline -0.008 -24"><span class='ocrx_word' id='word_1_40' title='bbox 225 1130 402 1190; x_wconf 86' lang='lat' dir='ltr'>oppressum</span> <span class='ocrx_word' id='word_1_41' title='bbox 413 1110 500 1172; x_wconf 87' lang='lat' dir='ltr'>bonis</span> <span class='ocrx_word' id='word_1_42' title='bbox 515 1111 670 1185; x_wconf 90' lang='lat' dir='ltr'>omnibus,</span> <span class='ocrx_word' id='word_1_43' title='bbox 695 1121 724 1170; x_wconf 95' lang='lat' dir='ltr'>et</span> <span class='ocrx_word' id='word_1_44' title='bbox 737 1113 915 1191; x_wconf 77' lang='lat' dir='ltr'>praeserfim</span> <span class='ocrx_word' id='word_1_45' title='bbox 926 1112 964 1169; x_wconf 91' lang='lat' dir='ltr'>iis</span> <span class='ocrx_word' id='word_1_46' title='bbox 980 1112 1032 1193; x_wconf 90' lang='lat' dir='ltr'>qui</span> <span class='ocrx_word' id='word_1_47' title='bbox 1045 1110 1139 1169; x_wconf 90' lang='lat' dir='ltr'>literis</span> <span class='ocrx_word' id='word_1_48' title='bbox 1151 1104 1320 1165; x_wconf 87' lang='lat' dir='ltr'>mitioribus</span> 
     </span>
     <span class='ocr_line' id='line_1_7' title="bbox 226 1227 1320 1321; baseline -0.008 -33"><span class='ocrx_word' id='word_1_49' title='bbox 226 1232 312 1310; x_wconf 86' lang='lat' dir='ltr'>politi</span> <span class='ocrx_word' id='word_1_50' title='bbox 334 1240 420 1307; x_wconf 87' lang='lat' dir='ltr'>sunt,</span> <span class='ocrx_word' id='word_1_51' title='bbox 442 1230 644 1321; x_wconf 86' lang='lat' dir='ltr'>tristissimum</span> <span class='ocrx_word' id='word_1_52' title='bbox 663 1230 710 1289; x_wconf 88' lang='lat' dir='ltr'>sui</span> <span class='ocrx_word' id='word_1_53' title='bbox 730 1227 914 1300; x_wconf 79' lang='lat' dir='ltr'>desiderium</span> <span class='ocrx_word' id='word_1_54' title='bbox 925 1232 1094 1312; x_wconf 87' lang='lat' dir='ltr'>reliquisse.</span> <span class='ocrx_word' id='word_1_55' title='bbox 1136 1242 1320 1285; x_wconf 86' lang='lat' dir='ltr'>commemo-</span> 
     </span>
     <span class='ocr_line' id='line_1_8' title="bbox 227 1344 1321 1432; baseline -0.008 -24"><span class='ocrx_word' id='word_1_56' title='bbox 227 1350 332 1408; x_wconf 87' lang='lat' dir='ltr'>rabant</span> <span class='ocrx_word' id='word_1_57' title='bbox 357 1351 456 1409; x_wconf 79' lang='lat' dir='ltr'>cuncti</span> <span class='ocrx_word' id='word_1_58' title='bbox 476 1360 506 1408; x_wconf 87' lang='lat' dir='ltr'>et</span> <span class='ocrx_word' id='word_1_59' title='bbox 525 1350 600 1408; x_wconf 90' lang='lat' dir='ltr'>olim</span> <span class='ocrx_word' id='word_1_60' title='bbox 616 1349 775 1427; x_wconf 74' lang='lat' dir='ltr'>contigisse</span> <span class='ocrx_word' id='word_1_61' title='bbox 793 1351 822 1407; x_wconf 92' lang='lat' dir='ltr'>ei</span> <span class='ocrx_word' id='word_1_62' title='bbox 834 1349 912 1410; x_wconf 90' lang='lat' dir='ltr'>illud</span> <span class='ocrx_word' id='word_1_63' title='bbox 926 1348 1009 1432; x_wconf 90' lang='lat' dir='ltr'>quod</span> <span class='ocrx_word' id='word_1_64' title='bbox 1025 1348 1144 1429; x_wconf 89' lang='lat' dir='ltr'>paucis,</span> <span class='ocrx_word' id='word_1_65' title='bbox 1165 1355 1200 1403; x_wconf 90' lang='lat' dir='ltr'>nt</span> <span class='ocrx_word' id='word_1_66' title='bbox 1214 1344 1321 1403; x_wconf 87' lang='lat' dir='ltr'>florens</span> 
     </span>
     <span class='ocr_line' id='line_1_9' title="bbox 226 1465 1322 1549; baseline -0.006 -23"><span class='ocrx_word' id='word_1_67' title='bbox 226 1479 334 1544; x_wconf 85' lang='lat' dir='ltr'>aetate,</span> <span class='ocrx_word' id='word_1_68' title='bbox 356 1471 387 1525; x_wconf 90' lang='lat' dir='ltr'>in</span> <span class='ocrx_word' id='word_1_69' title='bbox 400 1486 517 1527; x_wconf 88' lang='lat' dir='ltr'>summa</span> <span class='ocrx_word' id='word_1_70' title='bbox 530 1469 651 1527; x_wconf 88' lang='lat' dir='ltr'>fortuna</span> <span class='ocrx_word' id='word_1_71' title='bbox 659 1477 753 1549; x_wconf 26' lang='lat' dir='ltr'>‚atque</span> <span class='ocrx_word' id='word_1_72' title='bbox 762 1470 897 1547; x_wconf 88' lang='lat' dir='ltr'>potentia</span> <span class='ocrx_word' id='word_1_73' title='bbox 911 1470 1097 1541; x_wconf 88' lang='lat' dir='ltr'>constitutus,</span> <span class='ocrx_word' id='word_1_74' title='bbox 1117 1465 1211 1545; x_wconf 88' lang='lat' dir='ltr'>pluris</span> <span class='ocrx_word' id='word_1_75' title='bbox 1221 1473 1322 1522; x_wconf 89' lang='lat' dir='ltr'>tamen</span> 
     </span>
     <span class='ocr_line' id='line_1_10' title="bbox 129 1583 1321 1675; baseline -0.003 -34"><span class='ocrx_word' id='word_1_76' title='bbox 129 1604 157 1658; x_wconf 79' lang='lat' dir='ltr'>p.</span> <span class='ocrx_word' id='word_1_77' title='bbox 177 1603 207 1641; x_wconf 84' lang='lat' dir='ltr'>rr</span> <span class='ocrx_word' id='word_1_78' title='bbox 225 1584 319 1675; x_wconf 82' lang='lat' dir='ltr'>homo</span> <span class='ocrx_word' id='word_1_79' title='bbox 334 1588 509 1666; x_wconf 76' lang='lat' dir='ltr'>ingeniosus</span> <span class='ocrx_word' id='word_1_80' title='bbox 524 1606 558 1645; x_wconf 86' lang='lat' dir='ltr'>sc</span> <span class='ocrx_word' id='word_1_81' title='bbox 574 1584 702 1646; x_wconf 87' lang='lat' dir='ltr'>disertus</span> <span class='ocrx_word' id='word_1_82' title='bbox 721 1585 821 1644; x_wconf 85' lang='lat' dir='ltr'>studia</span> <span class='ocrx_word' id='word_1_83' title='bbox 836 1598 866 1645; x_wconf 91' lang='lat' dir='ltr'>et</span> <span class='ocrx_word' id='word_1_84' title='bbox 879 1590 1026 1666; x_wconf 86' lang='lat' dir='ltr'>ingenuas</span> <span class='ocrx_word' id='word_1_85' title='bbox 1046 1596 1125 1643; x_wconf 88' lang='lat' dir='ltr'>artes</span> <span class='ocrx_word' id='word_1_86' title='bbox 1139 1603 1231 1666; x_wconf 90' lang='lat' dir='ltr'>quam</span> <span class='ocrx_word' id='word_1_87' title='bbox 1243 1583 1321 1640; x_wconf 90' lang='lat' dir='ltr'>bona</span> 
     </span>
     <span class='ocr_line' id='line_1_11' title="bbox 225 1704 1321 1787; baseline -0.003 -24"><span class='ocrx_word' id='word_1_88' title='bbox 225 1707 278 1764; x_wconf 85' lang='lat' dir='ltr'>illa</span> <span class='ocrx_word' id='word_1_89' title='bbox 296 1705 419 1764; x_wconf 81' lang='lat' dir='ltr'>fortuita</span> <span class='ocrx_word' id='word_1_90' title='bbox 436 1704 534 1765; x_wconf 81' lang='lat' dir='ltr'>lacere</span> <span class='ocrx_word' id='word_1_91' title='bbox 552 1707 592 1763; x_wconf 87' lang='lat' dir='ltr'>sit</span> <span class='ocrx_word' id='word_1_92' title='bbox 606 1706 698 1763; x_wconf 82' lang='lat' dir='ltr'>risus.</span> <span class='ocrx_word' id='word_1_93' title='bbox 742 1715 772 1763; x_wconf 91' lang='lat' dir='ltr'>et</span> <span class='ocrx_word' id='word_1_94' title='bbox 787 1714 859 1764; x_wconf 90' lang='lat' dir='ltr'>tunc</span> <span class='ocrx_word' id='word_1_95' title='bbox 873 1726 994 1787; x_wconf 87' lang='lat' dir='ltr'>quoque</span> <span class='ocrx_word' id='word_1_96' title='bbox 1007 1707 1101 1785; x_wconf 90' lang='lat' dir='ltr'>ipsius</span> <span class='ocrx_word' id='word_1_97' title='bbox 1112 1706 1226 1763; x_wconf 89' lang='lat' dir='ltr'>iactura</span> <span class='ocrx_word' id='word_1_98' title='bbox 1237 1721 1321 1761; x_wconf 89' lang='lat' dir='ltr'>com-</span> 
     </span>
     <span class='ocr_line' id='line_1_12' title="bbox 225 1817 1321 1905; baseline -0.006 -21"><span class='ocrx_word' id='word_1_99' title='bbox 225 1826 326 1884; x_wconf 89' lang='lat' dir='ltr'>munis</span> <span class='ocrx_word' id='word_1_100' title='bbox 343 1826 465 1903; x_wconf 83' lang='lat' dir='ltr'>contigit</span> <span class='ocrx_word' id='word_1_101' title='bbox 479 1826 612 1899; x_wconf 85' lang='lat' dir='ltr'>Galliae,</span> <span class='ocrx_word' id='word_1_102' title='bbox 634 1824 748 1903; x_wconf 86' lang='lat' dir='ltr'>patriae</span> <span class='ocrx_word' id='word_1_103' title='bbox 762 1825 844 1900; x_wconf 86' lang='lat' dir='ltr'>eins,</span> <span class='ocrx_word' id='word_1_104' title='bbox 869 1826 921 1884; x_wconf 90' lang='lat' dir='ltr'>ubi</span> <span class='ocrx_word' id='word_1_105' title='bbox 935 1826 1128 1905; x_wconf 79' lang='lat' dir='ltr'>amplissimis</span> <span class='ocrx_word' id='word_1_106' title='bbox 1146 1831 1209 1880; x_wconf 88' lang='lat' dir='ltr'>erat</span> <span class='ocrx_word' id='word_1_107' title='bbox 1223 1817 1321 1879; x_wconf 88' lang='lat' dir='ltr'>hono·</span> 
     </span>
     <span class='ocr_line' id='line_1_13' title="bbox 225 1924 1322 2023; baseline -0.005 -21"><span class='ocrx_word' id='word_1_108' title='bbox 225 1944 307 2004; x_wconf 88' lang='lat' dir='ltr'>ribus</span> <span class='ocrx_word' id='word_1_109' title='bbox 329 1924 521 2023; x_wconf 80' lang='lat' dir='ltr'>perfunctus,</span> <span class='ocrx_word' id='word_1_110' title='bbox 544 1944 711 2000; x_wconf 89' lang='lat' dir='ltr'>communis</span> <span class='ocrx_word' id='word_1_111' title='bbox 729 1944 889 2020; x_wconf 83' lang='lat' dir='ltr'>Graeciae,</span> <span class='ocrx_word' id='word_1_112' title='bbox 911 1946 997 2003; x_wconf 86' lang='lat' dir='ltr'>cuius</span> <span class='ocrx_word' id='word_1_113' title='bbox 1016 1942 1131 2002; x_wconf 88' lang='lat' dir='ltr'>insulas</span> <span class='ocrx_word' id='word_1_114' title='bbox 1150 1938 1249 1999; x_wconf 81' lang='lat' dir='ltr'>verbis</span> <span class='ocrx_word' id='word_1_115' title='bbox 1267 1936 1322 1996; x_wconf 82' lang='lat' dir='ltr'>de-</span> 
     </span>
     <span class='ocr_line' id='line_1_14' title="bbox 171 2057 1323 2143; baseline -0.008 -21"><span class='ocrx_word' id='word_1_116' title='bbox 171 2130 173 2138; x_wconf 41' lang='lat'>,</span> <span class='ocrx_word' id='word_1_117' title='bbox 226 2064 385 2141; x_wconf 72' lang='lat' dir='ltr'>scripserat</span> <span class='ocrx_word' id='word_1_118' title='bbox 398 2062 657 2143; x_wconf 80' lang='lat' dir='ltr'>exquisitissimis,</span> <span class='ocrx_word' id='word_1_119' title='bbox 678 2070 768 2142; x_wconf 86' lang='lat' dir='ltr'>etque</span> <span class='ocrx_word' id='word_1_120' title='bbox 783 2060 860 2120; x_wconf 88' lang='lat' dir='ltr'>adeo</span> <span class='ocrx_word' id='word_1_121' title='bbox 872 2062 1013 2136; x_wconf 84' lang='lat' dir='ltr'>Rrrssiae,</span> <span class='ocrx_word' id='word_1_122' title='bbox 1034 2057 1116 2140; x_wconf 83' lang='lat' dir='ltr'>apud</span> <span class='ocrx_word' id='word_1_123' title='bbox 1127 2058 1212 2117; x_wconf 91' lang='lat' dir='ltr'>cuius</span> <span class='ocrx_word' id='word_1_124' title='bbox 1223 2058 1323 2135; x_wconf 89' lang='lat' dir='ltr'>impe-</span> 
     </span>
     <span class='ocr_line' id='line_1_15' title="bbox 227 2174 1323 2259; baseline -0.006 -20"><span class='ocrx_word' id='word_1_125' title='bbox 227 2193 354 2239; x_wconf 86' lang='lat' dir='ltr'>retorem</span> <span class='ocrx_word' id='word_1_126' title='bbox 371 2182 499 2240; x_wconf 84' lang='lat' dir='ltr'>Paulum</span> <span class='ocrx_word' id='word_1_127' title='bbox 512 2199 623 2259; x_wconf 85' lang='lat' dir='ltr'>magno</span> <span class='ocrx_word' id='word_1_128' title='bbox 636 2179 735 2239; x_wconf 80' lang='lat' dir='ltr'>fuerat</span> <span class='ocrx_word' id='word_1_129' title='bbox 748 2181 833 2256; x_wconf 84' lang='lat' dir='ltr'>loco;</span> <span class='ocrx_word' id='word_1_130' title='bbox 855 2179 1023 2241; x_wconf 88' lang='lat' dir='ltr'>communis</span> <span class='ocrx_word' id='word_1_131' title='bbox 1036 2178 1196 2257; x_wconf 75' lang='lat' dir='ltr'>praecipue</span> <span class='ocrx_word' id='word_1_132' title='bbox 1208 2174 1259 2235; x_wconf 93' lang='lat' dir='ltr'>his</span> <span class='ocrx_word' id='word_1_133' title='bbox 1270 2177 1323 2257; x_wconf 90' lang='lat' dir='ltr'>qui</span> 
     </span>
     <span class='ocr_line' id='line_1_16' title="bbox 227 2296 1324 2379; baseline -0.007 -20"><span class='ocrx_word' id='word_1_134' title='bbox 227 2310 305 2360; x_wconf 82' lang='lat' dir='ltr'>artes</span> <span class='ocrx_word' id='word_1_135' title='bbox 320 2302 473 2379; x_wconf 79' lang='lat' dir='ltr'>elegantes</span> <span class='ocrx_word' id='word_1_136' title='bbox 488 2300 600 2372; x_wconf 89' lang='lat' dir='ltr'>colunt,</span> <span class='ocrx_word' id='word_1_137' title='bbox 620 2299 807 2379; x_wconf 83' lang='lat' dir='ltr'>literatisque</span> <span class='ocrx_word' id='word_1_138' title='bbox 821 2298 970 2373; x_wconf 89' lang='lat' dir='ltr'>omnibus,</span> <span class='ocrx_word' id='word_1_139' title='bbox 991 2299 1088 2377; x_wconf 89' lang='lat' dir='ltr'>iisqne</span> <span class='ocrx_word' id='word_1_140' title='bbox 1100 2296 1237 2377; x_wconf 85' lang='lat' dir='ltr'>inprimis</span> <span class='ocrx_word' id='word_1_141' title='bbox 1247 2312 1324 2374; x_wconf 89' lang='lat' dir='ltr'>quos</span> 
     </span>
     <span class='ocr_line' id='line_1_17' title="bbox 227 2412 1324 2493; baseline -0.009 -15"><span class='ocrx_word' id='word_1_142' title='bbox 227 2421 279 2479; x_wconf 91' lang='lat' dir='ltr'>ille</span> <span class='ocrx_word' id='word_1_143' title='bbox 290 2438 351 2479; x_wconf 90' lang='lat' dir='ltr'>non</span> <span class='ocrx_word' id='word_1_144' title='bbox 364 2419 494 2477; x_wconf 85' lang='lat' dir='ltr'>amicitia</span> <span class='ocrx_word' id='word_1_145' title='bbox 506 2418 606 2477; x_wconf 88' lang='lat' dir='ltr'>solum</span> <span class='ocrx_word' id='word_1_146' title='bbox 619 2415 674 2475; x_wconf 87' lang='lat' dir='ltr'>sed</span> <span class='ocrx_word' id='word_1_147' title='bbox 686 2417 888 2476; x_wconf 81' lang='lat' dir='ltr'>familiaritate</span> <span class='ocrx_word' id='word_1_148' title='bbox 900 2417 990 2491; x_wconf 85' lang='lat' dir='ltr'>etiarn</span> <span class='ocrx_word' id='word_1_149' title='bbox 1003 2433 1058 2475; x_wconf 86' lang='lat' dir='ltr'>sua</span> <span class='ocrx_word' id='word_1_150' title='bbox 1069 2433 1133 2473; x_wconf 83' lang='lat' dir='ltr'>non</span> <span class='ocrx_word' id='word_1_151' title='bbox 1143 2412 1262 2493; x_wconf 86' lang='lat' dir='ltr'>penitus</span> <span class='ocrx_word' id='word_1_152' title='bbox 1275 2414 1324 2469; x_wconf 88' lang='lat' dir='ltr'>iu-</span> 
     </span>
     <span class='ocr_line' id='line_1_18' title="bbox 228 2532 1325 2619; baseline -0.011 -21"><span class='ocrx_word' id='word_1_153' title='bbox 228 2540 335 2619; x_wconf 80' lang='lat' dir='ltr'>dignos</span> <span class='ocrx_word' id='word_1_154' title='bbox 350 2538 506 2598; x_wconf 85' lang='lat' dir='ltr'>iudicarat.</span> <span class='ocrx_word' id='word_1_155' title='bbox 547 2534 707 2597; x_wconf 87' lang='lat' dir='ltr'>accedebat</span> <span class='ocrx_word' id='word_1_156' title='bbox 722 2535 806 2619; x_wconf 91' lang='lat' dir='ltr'>quod</span> <span class='ocrx_word' id='word_1_157' title='bbox 821 2538 926 2598; x_wconf 88' lang='lat' dir='ltr'>obiens</span> <span class='ocrx_word' id='word_1_158' title='bbox 939 2536 1124 2595; x_wconf 75' lang='lat' dir='ltr'>luculentam</span> <span class='ocrx_word' id='word_1_159' title='bbox 1139 2532 1257 2611; x_wconf 87' lang='lat' dir='ltr'>copiam</span> <span class='ocrx_word' id='word_1_160' title='bbox 1275 2532 1325 2587; x_wconf 87' lang='lat' dir='ltr'>in·</span> 
     </span>
     <span class='ocr_line' id='line_1_19' title="bbox 224 2651 1323 2738; baseline -0.012 -20"><span class='ocrx_word' id='word_1_161' title='bbox 224 2660 421 2738; x_wconf 79' lang='lat' dir='ltr'>scriptionum</span> <span class='ocrx_word' id='word_1_162' title='bbox 443 2658 596 2735; x_wconf 81' lang='lat' dir='ltr'>signorum</span> <span class='ocrx_word' id='word_1_163' title='bbox 620 2656 792 2716; x_wconf 83' lang='lat' dir='ltr'>tabularum</span> <span class='ocrx_word' id='word_1_164' title='bbox 814 2651 1076 2733; x_wconf 79' lang='lat' dir='ltr'>anaglyphorum,</span> <span class='ocrx_word' id='word_1_165' title='bbox 1108 2651 1284 2729; x_wconf 82' lang='lat' dir='ltr'>scriptiones</span> <span class='ocrx_word' id='word_1_166' title='bbox 1304 2670 1323 2705; x_wconf 84' lang='lat' dir='ltr'>a</span> 
     </span>
     <span class='ocr_line' id='line_1_20' title="bbox 227 2761 1324 2857; baseline -0.012 -19"><span class='ocrx_word' id='word_1_167' title='bbox 227 2781 293 2838; x_wconf 82' lang='lat' dir='ltr'>ses&#39;e</span> <span class='ocrx_word' id='word_1_168' title='bbox 312 2774 465 2836; x_wconf 85' lang='lat' dir='ltr'>inchoatas</span> <span class='ocrx_word' id='word_1_169' title='bbox 481 2776 651 2855; x_wconf 84' lang='lat' dir='ltr'>perplures,</span> <span class='ocrx_word' id='word_1_170' title='bbox 674 2764 852 2857; x_wconf 75' lang='lat' dir='ltr'>chartasque</span> <span class='ocrx_word' id='word_1_171' title='bbox 869 2775 1012 2853; x_wconf 69' lang='lat' dir='ltr'>adusque</span> <span class='ocrx_word' id='word_1_172' title='bbox 1028 2767 1111 2829; x_wconf 91' lang='lat' dir='ltr'>modi</span> <span class='ocrx_word' id='word_1_173' title='bbox 1125 2761 1250 2827; x_wconf 87' lang='lat' dir='ltr'>aedibus</span> <span class='ocrx_word' id='word_1_174' title='bbox 1263 2769 1324 2827; x_wconf 80' lang='lat' dir='ltr'>ril-</span> 
     </span>
     <span class='ocr_line' id='line_1_21' title="bbox 227 2889 1325 2978; baseline -0.011 -24"><span class='ocrx_word' id='word_1_175' title='bbox 227 2898 326 2978; x_wconf 88' lang='lat' dir='ltr'>lisqus</span> <span class='ocrx_word' id='word_1_176' title='bbox 352 2894 478 2955; x_wconf 89' lang='lat' dir='ltr'>dirersis</span> <span class='ocrx_word' id='word_1_177' title='bbox 499 2892 648 2974; x_wconf 88' lang='lat' dir='ltr'>dispersas</span> <span class='ocrx_word' id='word_1_178' title='bbox 670 2894 869 2974; x_wconf 80' lang='lat' dir='ltr'>relinqueret3</span> <span class='ocrx_word' id='word_1_179' title='bbox 890 2909 947 2949; x_wconf 90' lang='lat' dir='ltr'>nec</span> <span class='ocrx_word' id='word_1_180' title='bbox 965 2890 1129 2971; x_wconf 84' lang='lat' dir='ltr'>quicquam</span> <span class='ocrx_word' id='word_1_181' title='bbox 1141 2889 1263 2967; x_wconf 89' lang='lat' dir='ltr'>propius</span> <span class='ocrx_word' id='word_1_182' title='bbox 1279 2896 1325 2945; x_wconf 88' lang='lat' dir='ltr'>est</span> 
     </span>
     <span class='ocr_line' id='line_1_22' title="bbox 227 3004 1324 3094; baseline -0.006 -22"><span class='ocrx_word' id='word_1_183' title='bbox 227 3013 341 3073; x_wconf 83' lang='lat' dir='ltr'>lactum</span> <span class='ocrx_word' id='word_1_184' title='bbox 365 3031 457 3094; x_wconf 91' lang='lat' dir='ltr'>quam</span> <span class='ocrx_word' id='word_1_185' title='bbox 477 3024 509 3073; x_wconf 88' lang='lat' dir='ltr'>ut</span> <span class='ocrx_word' id='word_1_186' title='bbox 530 3034 582 3091; x_wconf 89' lang='lat' dir='ltr'>ea,</span> <span class='ocrx_word' id='word_1_187' title='bbox 603 3033 665 3072; x_wconf 90' lang='lat' dir='ltr'>non</span> <span class='ocrx_word' id='word_1_188' title='bbox 688 3013 753 3071; x_wconf 89' lang='lat' dir='ltr'>siue</span> <span class='ocrx_word' id='word_1_189' title='bbox 773 3013 926 3071; x_wconf 84' lang='lat' dir='ltr'>literarum</span> <span class='ocrx_word' id='word_1_190' title='bbox 947 3011 1116 3089; x_wconf 86' lang='lat' dir='ltr'>artiumque</span> <span class='ocrx_word' id='word_1_191' title='bbox 1136 3004 1324 3079; x_wconf 88' lang='lat' dir='ltr'>detrimento,</span> 
     </span>
     <span class='ocr_line' id='line_1_23' title="bbox 229 3122 1324 3213; baseline -0.011 -20"><span class='ocrx_word' id='word_1_192' title='bbox 229 3152 349 3213; x_wconf 82' lang='lat' dir='ltr'>prorsus</span> <span class='ocrx_word' id='word_1_193' title='bbox 363 3130 586 3212; x_wconf 86' lang='lat' dir='ltr'>dissiparentur.</span> <span class='ocrx_word' id='word_1_194' title='bbox 630 3150 800 3211; x_wconf 86' lang='lat' dir='ltr'>quanquam</span> <span class='ocrx_word' id='word_1_195' title='bbox 815 3129 886 3189; x_wconf 90' lang='lat' dir='ltr'>lruio</span> <span class='ocrx_word' id='word_1_196' title='bbox 899 3127 1024 3210; x_wconf 85' lang='lat' dir='ltr'>quidem</span> <span class='ocrx_word' id='word_1_197' title='bbox 1036 3122 1226 3185; x_wconf 88' lang='lat' dir='ltr'>incommodo</span> <span class='ocrx_word' id='word_1_198' title='bbox 1239 3136 1269 3183; x_wconf 88' lang='lat' dir='ltr'>et</span> <span class='ocrx_word' id='word_1_199' title='bbox 1285 3125 1324 3181; x_wconf 85' lang='lat' dir='ltr'>ab</span> 
     </span>
     <span class='ocr_line' id='line_1_24' title="bbox 228 3242 1323 3329; baseline -0.007 -19"><span class='ocrx_word' id='word_1_200' title='bbox 228 3250 389 3310; x_wconf 87' lang='lat' dir='ltr'>heredibus</span> <span class='ocrx_word' id='word_1_201' title='bbox 408 3252 489 3323; x_wconf 90' lang='lat' dir='ltr'>eius,</span> <span class='ocrx_word' id='word_1_202' title='bbox 511 3251 582 3308; x_wconf 83' lang='lat' dir='ltr'>viris</span> <span class='ocrx_word' id='word_1_203' title='bbox 602 3268 720 3309; x_wconf 89' lang='lat' dir='ltr'>summa</span> <span class='ocrx_word' id='word_1_204' title='bbox 740 3249 887 3329; x_wconf 83' lang='lat' dir='ltr'>dignitate</span> <span class='ocrx_word' id='word_1_205' title='bbox 907 3244 1065 3327; x_wconf 86' lang='lat' dir='ltr'>praeditis,</span> <span class='ocrx_word' id='word_1_206' title='bbox 1086 3255 1117 3306; x_wconf 86' lang='lat' dir='ltr'>et</span> <span class='ocrx_word' id='word_1_207' title='bbox 1134 3245 1172 3304; x_wconf 88' lang='lat' dir='ltr'>ab</span> <span class='ocrx_word' id='word_1_208' title='bbox 1192 3242 1323 3304; x_wconf 78' lang='lat' dir='ltr'>admissi-</span> 
     </span>
     <span class='ocr_line' id='line_1_25' title="bbox 231 3364 1324 3447; baseline -0.008 -18"><span class='ocrx_word' id='word_1_209' title='bbox 231 3371 373 3429; x_wconf 87' lang='lat' dir='ltr'>stratione</span> <span class='ocrx_word' id='word_1_210' title='bbox 395 3370 447 3447; x_wconf 89' lang='lat' dir='ltr'>(ut</span> <span class='ocrx_word' id='word_1_211' title='bbox 460 3364 562 3445; x_wconf 89' lang='lat' dir='ltr'>aiunt)</span> <span class='ocrx_word' id='word_1_212' title='bbox 585 3387 631 3426; x_wconf 88' lang='lat' dir='ltr'>res</span> <span class='ocrx_word' id='word_1_213' title='bbox 644 3369 800 3428; x_wconf 88' lang='lat' dir='ltr'>interiores</span> <span class='ocrx_word' id='word_1_214' title='bbox 812 3368 954 3426; x_wconf 79' lang='lat' dir='ltr'>Franciae</span> <span class='ocrx_word' id='word_1_215' title='bbox 968 3364 1261 3445; x_wconf 80' lang='lat' dir='ltr'>magnificentissime</span> <span class='ocrx_word' id='word_1_216' title='bbox 1275 3372 1324 3421; x_wconf 91' lang='lat' dir='ltr'>at-</span> 
     </span>
     <span class='ocr_line' id='line_1_26' title="bbox 230 3480 1322 3571; baseline -0.01 -24"><span class='ocrx_word' id='word_1_217' title='bbox 230 3508 289 3571; x_wconf 88' lang='lat' dir='ltr'>que</span> <span class='ocrx_word' id='word_1_218' title='bbox 312 3486 539 3565; x_wconf 85' lang='lat' dir='ltr'>diligentissime</span> <span class='ocrx_word' id='word_1_219' title='bbox 563 3495 757 3563; x_wconf 86' lang='lat' dir='ltr'>procurante,</span> <span class='ocrx_word' id='word_1_220' title='bbox 779 3503 933 3545; x_wconf 84' lang='lat' dir='ltr'>occursum</span> <span class='ocrx_word' id='word_1_221' title='bbox 954 3494 1000 3542; x_wconf 90' lang='lat' dir='ltr'>est</span> <span class='ocrx_word' id='word_1_222' title='bbox 1014 3486 1073 3560; x_wconf 88' lang='lat' dir='ltr'>sic,</span> <span class='ocrx_word' id='word_1_223' title='bbox 1093 3493 1129 3541; x_wconf 92' lang='lat' dir='ltr'>ut</span> <span class='ocrx_word' id='word_1_224' title='bbox 1143 3484 1231 3561; x_wconf 84' lang='lat' dir='ltr'>signa</span> <span class='ocrx_word' id='word_1_225' title='bbox 1243 3480 1322 3561; x_wconf 88' lang='lat' dir='ltr'>lapi-</span> 
     </span>
     <span class='ocr_line' id='line_1_27' title="bbox 230 3604 1322 3687; baseline -0.006 -21"><span class='ocrx_word' id='word_1_226' title='bbox 230 3606 343 3687; x_wconf 83' lang='lat' dir='ltr'>desque</span> <span class='ocrx_word' id='word_1_227' title='bbox 365 3606 460 3663; x_wconf 91' lang='lat' dir='ltr'>literis</span> <span class='ocrx_word' id='word_1_228' title='bbox 481 3604 616 3679; x_wconf 83' lang='lat' dir='ltr'>insigniti</span> <span class='ocrx_word' id='word_1_229' title='bbox 635 3621 733 3684; x_wconf 91' lang='lat' dir='ltr'>paene</span> <span class='ocrx_word' id='word_1_230' title='bbox 754 3613 859 3662; x_wconf 82' lang='lat' dir='ltr'>cuncta</span> <span class='ocrx_word' id='word_1_231' title='bbox 878 3605 910 3662; x_wconf 87' lang='lat' dir='ltr'>in</span> <span class='ocrx_word' id='word_1_232' title='bbox 929 3608 1070 3662; x_wconf 84' lang='lat' dir='ltr'>museum</span> <span class='ocrx_word' id='word_1_233' title='bbox 1083 3604 1211 3679; x_wconf 83' lang='lat' dir='ltr'>Regium</span> <span class='ocrx_word' id='word_1_234' title='bbox 1224 3612 1322 3660; x_wconf 87' lang='lat' dir='ltr'>trans-</span> 
     </span>
     <span class='ocr_line' id='line_1_28' title="bbox 147 3719 1321 3805; baseline -0.008 -18"><span class='ocrx_word' id='word_1_235' title='bbox 147 3753 175 3805; x_wconf 85' lang='lat' dir='ltr'>p.</span> <span class='ocrx_word' id='word_1_236' title='bbox 194 3750 212 3788; x_wconf 86' lang='lat' dir='ltr'>r</span> <span class='ocrx_word' id='word_1_237' title='bbox 229 3726 394 3798; x_wconf 83' lang='lat' dir='ltr'>ferrentur,</span> <span class='ocrx_word' id='word_1_238' title='bbox 416 3720 532 3780; x_wconf 88' lang='lat' dir='ltr'>codices</span> <span class='ocrx_word' id='word_1_239' title='bbox 543 3740 637 3780; x_wconf 86' lang='lat' dir='ltr'>manu</span> <span class='ocrx_word' id='word_1_240' title='bbox 650 3724 754 3801; x_wconf 88' lang='lat' dir='ltr'>scripti</span> <span class='ocrx_word' id='word_1_241' title='bbox 766 3724 793 3780; x_wconf 90' lang='lat' dir='ltr'>si</span> <span class='ocrx_word' id='word_1_242' title='bbox 806 3725 859 3804; x_wconf 90' lang='lat' dir='ltr'>qui</span> <span class='ocrx_word' id='word_1_243' title='bbox 872 3732 956 3781; x_wconf 88' lang='lat' dir='ltr'>erent</span> <span class='ocrx_word' id='word_1_244' title='bbox 979 3721 1085 3803; x_wconf 84' lang='lat' dir='ltr'>(eraut</span> <span class='ocrx_word' id='word_1_245' title='bbox 1099 3730 1200 3779; x_wconf 88' lang='lat' dir='ltr'>tamen</span> <span class='ocrx_word' id='word_1_246' title='bbox 1213 3719 1321 3801; x_wconf 84' lang='lat' dir='ltr'>pauci)</span> 
     </span>
     <span class='ocr_line' id='line_1_29' title="bbox 231 3836 1322 3919; baseline -0.005 -17"><span class='ocrx_word' id='word_1_247' title='bbox 231 3847 263 3901; x_wconf 91' lang='lat' dir='ltr'>in</span> <span class='ocrx_word' id='word_1_248' title='bbox 282 3838 496 3902; x_wconf 81' lang='lat' dir='ltr'>bibliothecam</span> <span class='ocrx_word' id='word_1_249' title='bbox 512 3841 650 3918; x_wconf 83' lang='lat' dir='ltr'>Regiam.</span> <span class='ocrx_word' id='word_1_250' title='bbox 693 3841 736 3899; x_wconf 88' lang='lat' dir='ltr'>ita</span> <span class='ocrx_word' id='word_1_251' title='bbox 756 3839 855 3901; x_wconf 89' lang='lat' dir='ltr'>denuo</span> <span class='ocrx_word' id='word_1_252' title='bbox 876 3842 909 3899; x_wconf 90' lang='lat' dir='ltr'>in</span> <span class='ocrx_word' id='word_1_253' title='bbox 928 3859 1036 3899; x_wconf 88' lang='lat' dir='ltr'>manns</span> <span class='ocrx_word' id='word_1_254' title='bbox 1051 3858 1135 3899; x_wconf 90' lang='lat' dir='ltr'>meas</span> <span class='ocrx_word' id='word_1_255' title='bbox 1148 3840 1231 3899; x_wconf 82' lang='lat' dir='ltr'>venit</span> <span class='ocrx_word' id='word_1_256' title='bbox 1243 3836 1322 3919; x_wconf 77' lang='lat' dir='ltr'>Lydi</span> 
     </span>
     <span class='ocr_line' id='line_1_30' title="bbox 230 3956 1322 4040; baseline -0.005 -20"><span class='ocrx_word' id='word_1_257' title='bbox 230 3962 344 4036; x_wconf 83' lang='lat' dir='ltr'>codex,</span> <span class='ocrx_word' id='word_1_258' title='bbox 384 3956 459 4018; x_wconf 90' lang='lat' dir='ltr'>olim</span> <span class='ocrx_word' id='word_1_259' title='bbox 482 3958 656 4020; x_wconf 77' lang='lat' dir='ltr'>caseolinns</span> <span class='ocrx_word' id='word_1_260' title='bbox 689 3959 751 4040; x_wconf 89' lang='lat' dir='ltr'>(sio</span> <span class='ocrx_word' id='word_1_261' title='bbox 773 3960 943 4039; x_wconf 85' lang='lat' dir='ltr'>appellatus</span> <span class='ocrx_word' id='word_1_262' title='bbox 965 3979 1006 4018; x_wconf 87' lang='lat' dir='ltr'>ex</span> <span class='ocrx_word' id='word_1_263' title='bbox 1030 3962 1128 4039; x_wconf 91' lang='lat' dir='ltr'>priore</span> <span class='ocrx_word' id='word_1_264' title='bbox 1152 3976 1322 4038; x_wconf 87' lang='lat' dir='ltr'>possessore</span> 
     </span>
     <span class='ocr_line' id='line_1_31' title="bbox 229 4077 1322 4158; baseline -0.004 -21"><span class='ocrx_word' id='word_1_265' title='bbox 229 4077 449 4157; x_wconf 85' lang='lat' dir='ltr'>maioribusque</span> <span class='ocrx_word' id='word_1_266' title='bbox 475 4079 555 4154; x_wconf 83' lang='lat' dir='ltr'>eius,</span> <span class='ocrx_word' id='word_1_267' title='bbox 592 4077 674 4158; x_wconf 90' lang='lat' dir='ltr'>quod</span> <span class='ocrx_word' id='word_1_268' title='bbox 700 4081 845 4137; x_wconf 86' lang='lat' dir='ltr'>comitum</span> <span class='ocrx_word' id='word_1_269' title='bbox 870 4077 907 4135; x_wconf 81' lang='lat' dir='ltr'>de</span> <span class='ocrx_word' id='word_1_270' title='bbox 931 4077 1052 4137; x_wconf 75' lang='lat' dir='ltr'>Ctrecolo</span> <span class='ocrx_word' id='word_1_271' title='bbox 1080 4077 1202 4137; x_wconf 86' lang='lat' dir='ltr'>nomine</span> <span class='ocrx_word' id='word_1_272' title='bbox 1227 4094 1322 4133; x_wconf 77' lang='lat' dir='ltr'>mma-</span> 
     </span>
     <span class='ocr_line' id='line_1_32' title="bbox 230 4192 1323 4277; baseline -0.001 -24"><span class='ocrx_word' id='word_1_273' title='bbox 230 4198 305 4253; x_wconf 88' lang='lat' dir='ltr'>lium</span> <span class='ocrx_word' id='word_1_274' title='bbox 331 4194 534 4255; x_wconf 83' lang='lat' dir='ltr'>monumentis</span> <span class='ocrx_word' id='word_1_275' title='bbox 562 4196 786 4277; x_wconf 87' lang='lat' dir='ltr'>celebrantur),</span> <span class='ocrx_word' id='word_1_276' title='bbox 814 4217 894 4256; x_wconf 89' lang='lat' dir='ltr'>nunc</span> <span class='ocrx_word' id='word_1_277' title='bbox 916 4198 1039 4275; x_wconf 84' lang='lat' dir='ltr'>Regius.</span> <span class='ocrx_word' id='word_1_278' title='bbox 1082 4196 1167 4254; x_wconf 84' lang='lat' dir='ltr'>cuius</span> <span class='ocrx_word' id='word_1_279' title='bbox 1190 4192 1228 4254; x_wconf 89' lang='lat' dir='ltr'>ds</span> <span class='ocrx_word' id='word_1_280' title='bbox 1252 4214 1323 4275; x_wconf 89' lang='lat' dir='ltr'>spe-</span> 
     </span>
     <span class='ocr_line' id='line_1_33' title="bbox 231 4312 1324 4395; baseline -0.005 -22"><span class='ocrx_word' id='word_1_281' title='bbox 231 4316 275 4373; x_wconf 88' lang='lat' dir='ltr'>cis</span> <span class='ocrx_word' id='word_1_282' title='bbox 298 4330 333 4373; x_wconf 88' lang='lat' dir='ltr'>ao</span> <span class='ocrx_word' id='word_1_283' title='bbox 354 4323 450 4388; x_wconf 87' lang='lat' dir='ltr'>stetu,</span> <span class='ocrx_word' id='word_1_284' title='bbox 472 4324 629 4395; x_wconf 81' lang='lat' dir='ltr'>postquam</span> <span class='ocrx_word' id='word_1_285' title='bbox 643 4318 676 4374; x_wconf 84' lang='lat' dir='ltr'>iu</span> <span class='ocrx_word' id='word_1_286' title='bbox 688 4312 901 4377; x_wconf 84' lang='lat' dir='ltr'>bibliothecam</span> <span class='ocrx_word' id='word_1_287' title='bbox 914 4326 1048 4375; x_wconf 85' lang='lat' dir='ltr'>nostram</span> <span class='ocrx_word' id='word_1_288' title='bbox 1066 4315 1167 4374; x_wconf 86' lang='lat' dir='ltr'>illatus</span> <span class='ocrx_word' id='word_1_289' title='bbox 1184 4324 1245 4389; x_wconf 92' lang='lat' dir='ltr'>est,</span> <span class='ocrx_word' id='word_1_290' title='bbox 1267 4314 1324 4371; x_wconf 83' lang='lat' dir='ltr'>etsi</span> 
     </span>
    </p>
   </div>
   <div class='ocr_carea' id='block_1_3' title="bbox 0 0 1585 4959">
    <p class='ocr_par' dir='ltr' id='par_1_3' title="bbox 0 0 1585 4959">
     <span class='ocr_line' id='line_1_34' title="bbox 0 0 1585 4959; baseline 0 0"><span class='ocrx_word' id='word_1_291' title='bbox 0 0 1585 4959; x_wconf 95' lang='lat' dir='ltr'> </span> 
     </span>
    </p>
   </div>
  </div>
 </body>
</html>
