<?xml version="1.0" encoding="UTF-8"?>
<!DOCTYPE html PUBLIC "-//W3C//DTD XHTML 1.0 Transitional//EN"
    "http://www.w3.org/TR/xhtml1/DTD/xhtml1-transitional.dtd">
<html xmlns="http://www.w3.org/1999/xhtml" xml:lang="en" lang="en">
 <head>
  <title>
</title>
<meta http-equiv="Content-Type" content="text/html;charset=utf-8" />
  <meta name='ocr-system' content='tesseract 3.04.00' />
  <meta name='ocr-capabilities' content='ocr_page ocr_carea ocr_par ocr_line ocrx_word'/>
</head>
<body>
  <div class='ocr_page' id='page_1' title='image "./corpusscriptoru25theogoog/corpusscriptoru25theogoog_0167.png"; bbox 0 0 3125 4959; ppageno 0'>
   <div class='ocr_carea' id='block_1_1' title="bbox 583 433 1320 508">
    <p class='ocr_par' dir='ltr' id='par_1_1' title="bbox 583 433 1320 508">
     <span class='ocr_line' id='line_1_1' title="bbox 583 433 1320 508; baseline 0.009 -7"><span class='ocrx_word' id='word_1_1' title='bbox 583 433 642 501; x_wconf 86' lang='lat' dir='ltr'><strong><em>DE</em></strong></span> <span class='ocrx_word' id='word_1_2' title='bbox 670 434 879 503; x_wconf 86' lang='lat' dir='ltr'><strong>MENSIBUS</strong></span> <span class='ocrx_word' id='word_1_3' title='bbox 902 434 963 504; x_wconf 83' lang='lat' dir='ltr'><strong><em>lv.</em></strong></span> <span class='ocrx_word' id='word_1_4' title='bbox 1269 435 1320 508; x_wconf 88' lang='grc'><strong><em>99</em></strong></span> 
     </span>
    </p>
   </div>
   <div class='ocr_carea' id='block_1_2' title="bbox 179 600 1384 2430">
    <p class='ocr_par' dir='ltr' id='par_1_2' title="bbox 179 600 1384 2430">
     <span class='ocr_line' id='line_1_2' title="bbox 226 600 1319 691; baseline 0.004 -22"><span class='ocrx_word' id='word_1_5' title='bbox 226 603 372 689; x_wconf 74' lang='grc' dir='ltr'><strong><em>πέλαγος,</em></strong></span> <span class='ocrx_word' id='word_1_6' title='bbox 398 600 484 669; x_wconf 79' lang='grc' dir='ltr'><strong><em>ένθεν</em></strong></span> <span class='ocrx_word' id='word_1_7' title='bbox 505 602 562 686; x_wconf 82' lang='grc' dir='ltr'><strong><em>τὴν</em></strong></span> <span class='ocrx_word' id='word_1_8' title='bbox 584 602 682 691; x_wconf 69' lang='grc' dir='ltr'><strong><em>ἀρχὴν</em></strong></span> <span class='ocrx_word' id='word_1_9' title='bbox 704 608 860 671; x_wconf 77' lang='grc' dir='ltr'><strong><em>Αέθιοιιέα</em></strong></span> <span class='ocrx_word' id='word_1_10' title='bbox 881 604 942 671; x_wconf 81' lang='grc' dir='ltr'><strong><em>άπὸ</em></strong></span> <span class='ocrx_word' id='word_1_11' title='bbox 958 611 1013 689; x_wconf 82' lang='grc' dir='ltr'><strong><em>τῆς</em></strong></span> <span class='ocrx_word' id='word_1_12' title='bbox 1029 600 1145 684; x_wconf 77' lang='grc' dir='ltr'><strong><em>δύσεως</em></strong></span> <span class='ocrx_word' id='word_1_13' title='bbox 1159 604 1319 689; x_wconf 81' lang='grc' dir='ltr'><strong><em>λαμβάνει.</em></strong></span> 
     </span>
     <span class='ocr_line' id='line_1_3' title="bbox 226 702 1319 797; baseline 0.002 -26"><span class='ocrx_word' id='word_1_14' title='bbox 226 703 286 771; x_wconf 69' lang='lat' dir='ltr'><strong>int</strong></span> <span class='ocrx_word' id='word_1_15' title='bbox 299 710 400 773; x_wconf 75' lang='grc' dir='ltr'><strong><em>τοίνυν</em></strong></span> <span class='ocrx_word' id='word_1_16' title='bbox 414 702 532 783; x_wconf 90' lang='grc' dir='ltr'><strong><em>τούτοις</em></strong></span> <span class='ocrx_word' id='word_1_17' title='bbox 547 718 611 785; x_wconf 78' lang='grc' dir='ltr'><strong><em>τοῖς</em></strong></span> <span class='ocrx_word' id='word_1_18' title='bbox 626 707 709 795; x_wconf 85' lang='grc' dir='ltr'><strong><em>όρεσι</em></strong></span> <span class='ocrx_word' id='word_1_19' title='bbox 724 713 826 792; x_wconf 73' lang='grc' dir='ltr'><strong><em>λάμναι</em></strong></span> <span class='ocrx_word' id='word_1_20' title='bbox 841 711 916 775; x_wconf 73' lang='grc' dir='ltr'><strong><em>ελσῖν</em></strong></span> <span class='ocrx_word' id='word_1_21' title='bbox 931 710 973 786; x_wconf 72' lang='grc' dir='ltr'><strong><em>εἷς</em></strong></span> <span class='ocrx_word' id='word_1_22' title='bbox 985 708 1110 797; x_wconf 82' lang='grc' dir='ltr'><strong><em>άπιιρον</em></strong></span> <span class='ocrx_word' id='word_1_23' title='bbox 1131 706 1319 792; x_wconf 73' lang='grc' dir='ltr'><strong><em>πλατύτητος</em></strong></span> 
     </span>
     <span class='ocr_line' id='line_1_4' title="bbox 226 806 1319 897; baseline 0.005 -26"><span class='ocrx_word' id='word_1_24' title='bbox 226 806 419 893; x_wconf 72' lang='grc' dir='ltr'><strong><em>ἡπλαιμέναι,</em></strong></span> <span class='ocrx_word' id='word_1_25' title='bbox 441 819 585 895; x_wconf 78' lang='grc' dir='ltr'><strong><em>παροικεῖ</em></strong></span> <span class='ocrx_word' id='word_1_26' title='bbox 601 812 635 877; x_wconf 72' lang='grc' dir='ltr'><strong><em>δά</em></strong></span> <span class='ocrx_word' id='word_1_27' title='bbox 654 810 751 889; x_wconf 75' lang='grc' dir='ltr'><strong><em>αὐτάς</em></strong></span> <span class='ocrx_word' id='word_1_28' title='bbox 772 814 858 897; x_wconf 68' lang='grc' dir='ltr'><strong><em>γένος</em></strong></span> <span class='ocrx_word' id='word_1_29' title='bbox 882 809 1056 897; x_wconf 77' lang='grc' dir='ltr'><strong><em>ἀνθρώπων</em></strong></span> <span class='ocrx_word' id='word_1_30' title='bbox 1073 817 1135 876; x_wconf 88' lang='grc' dir='ltr'><strong><em>τῶν</em></strong></span> <span class='ocrx_word' id='word_1_31' title='bbox 1153 813 1319 897; x_wconf 77' lang='grc' dir='ltr'><strong><em>λεγομένων</em></strong></span> 
     </span>
     <span class='ocr_line' id='line_1_5' title="bbox 224 909 1320 1003; baseline 0.003 -26"><span class='ocrx_word' id='word_1_32' title='bbox 224 909 434 998; x_wconf 70' lang='grc' dir='ltr'><strong><em>Ἰχθυοφάγων</em></strong></span> <span class='ocrx_word' id='word_1_33' title='bbox 441 960 451 989; x_wconf 91' lang='grc'><strong><em>,</em></strong></span> <span class='ocrx_word' id='word_1_34' title='bbox 477 909 550 1000; x_wconf 81' lang='grc' dir='ltr'><strong><em>ὅπερ</em></strong></span> <span class='ocrx_word' id='word_1_35' title='bbox 571 911 631 977; x_wconf 74' lang='lat' dir='ltr'><strong>dut</strong></span> <span class='ocrx_word' id='word_1_36' title='bbox 654 910 777 1000; x_wconf 81' lang='grc' dir='ltr'><em>πρώτης</em></span> <span class='ocrx_word' id='word_1_37' title='bbox 798 913 882 1002; x_wconf 85' lang='grc' dir='ltr'><strong><em>ῶρας</em></strong></span> <span class='ocrx_word' id='word_1_38' title='bbox 902 914 975 1000; x_wconf 81' lang='grc' dir='ltr'><strong><em>ἄχρι</em></strong></span> <span class='ocrx_word' id='word_1_39' title='bbox 989 910 1212 997; x_wconf 78' lang='grc' dir='ltr'><strong><em>όυσμῶνὴλέου</em></strong></span> <span class='ocrx_word' id='word_1_40' title='bbox 1227 917 1320 1003; x_wconf 67' lang='grc' dir='ltr'><strong><em>ἐντῷ</em></strong></span> 
     </span>
     <span class='ocr_line' id='line_1_6' title="bbox 201 1013 1320 1103; baseline 0.002 -24"><span class='ocrx_word' id='word_1_41' title='bbox 201 1013 314 1079; x_wconf 68' lang='lat' dir='ltr'><strong>§ilium</strong></span> <span class='ocrx_word' id='word_1_42' title='bbox 338 1016 502 1099; x_wconf 73' lang='grc' dir='ltr'><strong><em>διατρίβει,</em></strong></span> <span class='ocrx_word' id='word_1_43' title='bbox 528 1018 578 1080; x_wconf 76' lang='grc' dir='ltr'><strong><em>καὶ</em></strong></span> <span class='ocrx_word' id='word_1_44' title='bbox 601 1025 666 1093; x_wconf 84' lang='grc' dir='ltr'><strong><em>τοῖς</em></strong></span> <span class='ocrx_word' id='word_1_45' title='bbox 686 1014 794 1099; x_wconf 74' lang='grc' dir='ltr'><strong><em>ἰχθύσι</em></strong></span> <span class='ocrx_word' id='word_1_46' title='bbox 815 1017 966 1103; x_wconf 72' lang='grc' dir='ltr'><strong><em>τρέφεται.</em></strong></span> <span class='ocrx_word' id='word_1_47' title='bbox 1016 1014 1135 1093; x_wconf 83' lang='grc' dir='ltr'><strong><em>τούτοις</em></strong></span> <span class='ocrx_word' id='word_1_48' title='bbox 1156 1013 1320 1103; x_wconf 84' lang='grc' dir='ltr'><strong><em>ὁμοροῦσιν</em></strong></span> 
     </span>
     <span class='ocr_line' id='line_1_7' title="bbox 225 1114 1319 1207; baseline 0.002 -26"><span class='ocrx_word' id='word_1_49' title='bbox 225 1117 255 1181; x_wconf 78' lang='lat' dir='ltr'><strong>oi</strong></span> <span class='ocrx_word' id='word_1_50' title='bbox 267 1114 418 1200; x_wconf 76' lang='grc' dir='ltr'><strong><em>λεγόμενοι</em></strong></span> <span class='ocrx_word' id='word_1_51' title='bbox 431 1116 683 1205; x_wconf 75' lang='grc' dir='ltr'><strong><em>Ἀνθρωποφάμοι</em></strong></span> <span class='ocrx_word' id='word_1_52' title='bbox 689 1167 701 1199; x_wconf 94' lang='grc'><strong><em>,</em></strong></span> <span class='ocrx_word' id='word_1_53' title='bbox 724 1121 809 1205; x_wconf 69' lang='grc' dir='ltr'><strong><em>γένος</em></strong></span> <span class='ocrx_word' id='word_1_54' title='bbox 821 1116 994 1206; x_wconf 86' lang='grc' dir='ltr'><strong><em>άνθρῶπιον</em></strong></span> <span class='ocrx_word' id='word_1_55' title='bbox 1008 1116 1236 1207; x_wconf 74' lang='grc' dir='ltr'><strong><em>ἀνδρειότατον,</em></strong></span> <span class='ocrx_word' id='word_1_56' title='bbox 1256 1119 1319 1207; x_wconf 79' lang='grc' dir='ltr'><strong><em>ῥισὶ</em></strong></span> 
     </span>
     <span class='ocr_line' id='line_1_8' title="bbox 224 1217 1319 1315; baseline 0 -30"><span class='ocrx_word' id='word_1_57' title='bbox 224 1217 423 1305; x_wconf 66' lang='grc' dir='ltr'><strong><em>στρογγύλαις</em></strong></span> <span class='ocrx_word' id='word_1_58' title='bbox 446 1217 623 1315; x_wconf 82' lang='grc' dir='ltr'><strong><em>χριόμενον,</em></strong></span> <span class='ocrx_word' id='word_1_59' title='bbox 661 1219 836 1309; x_wconf 77' lang='grc' dir='ltr'><strong><em>προσώποις</em></strong></span> <span class='ocrx_word' id='word_1_60' title='bbox 858 1222 1073 1304; x_wconf 79' lang='grc' dir='ltr'><strong><em>έπικαμιιέσιν,</em></strong></span> <span class='ocrx_word' id='word_1_61' title='bbox 1108 1219 1209 1299; x_wconf 76' lang='grc' dir='ltr'><strong><em>ὄνυξιν</em></strong></span> <span class='ocrx_word' id='word_1_62' title='bbox 1232 1222 1319 1307; x_wconf 72' lang='grc' dir='ltr'><strong><em>έηγύς</em></strong></span> 
     </span>
     <span class='ocr_line' id='line_1_9' title="bbox 222 1316 1318 1411; baseline 0.005 -27"><span class='ocrx_word' id='word_1_63' title='bbox 222 1321 343 1385; x_wconf 89' lang='grc' dir='ltr'><strong><em>λέουσιν</em></strong></span> <span class='ocrx_word' id='word_1_64' title='bbox 361 1319 483 1404; x_wconf 76' lang='grc' dir='ltr'><strong><em>ὁμοίως.</em></strong></span> <span class='ocrx_word' id='word_1_65' title='bbox 534 1324 568 1389; x_wconf 77' lang='lat' dir='ltr'><strong>ix</strong></span> <span class='ocrx_word' id='word_1_66' title='bbox 587 1330 649 1389; x_wconf 89' lang='grc' dir='ltr'><strong><em>τῶν</em></strong></span> <span class='ocrx_word' id='word_1_67' title='bbox 665 1329 779 1406; x_wconf 80' lang='grc' dir='ltr'><strong><em>λιμνῶν</em></strong></span> <span class='ocrx_word' id='word_1_68' title='bbox 795 1316 849 1390; x_wconf 79' lang='grc' dir='ltr'><strong><em>σύν</em></strong></span> <span class='ocrx_word' id='word_1_69' title='bbox 863 1325 981 1391; x_wconf 73' lang='grc' dir='ltr'><strong><em>ἐκείνων</em></strong></span> <span class='ocrx_word' id='word_1_70' title='bbox 997 1324 1052 1401; x_wconf 79' lang='grc' dir='ltr'><strong><em>τὰς</em></strong></span> <span class='ocrx_word' id='word_1_71' title='bbox 1067 1322 1214 1411; x_wconf 71' lang='grc' dir='ltr'><strong><em>ἀφορμάς</em></strong></span> <span class='ocrx_word' id='word_1_72' title='bbox 1228 1321 1245 1389; x_wconf 82' lang='grc' dir='ltr'><strong><em>ό</em></strong></span> <span class='ocrx_word' id='word_1_73' title='bbox 1259 1348 1318 1389; x_wconf 89' lang='grc' dir='ltr'><strong><em>πο-</em></strong></span> 
     </span>
     <span class='ocr_line' id='line_1_10' title="bbox 221 1422 1384 1514; baseline 0.004 -27"><span class='ocrx_word' id='word_1_74' title='bbox 221 1424 321 1505; x_wconf 83' lang='grc' dir='ltr'><strong><em>ταμὸς</em></strong></span> <span class='ocrx_word' id='word_1_75' title='bbox 342 1422 509 1507; x_wconf 72' lang='grc' dir='ltr'><strong><em>λαμβάνει·</em></strong></span> <span class='ocrx_word' id='word_1_76' title='bbox 534 1424 679 1512; x_wconf 76' lang='grc' dir='ltr'><strong><em>προϊόντα</em></strong></span> <span class='ocrx_word' id='word_1_77' title='bbox 699 1427 759 1513; x_wconf 80' lang='grc' dir='ltr'><strong><em>γάρ</em></strong></span> <span class='ocrx_word' id='word_1_78' title='bbox 781 1428 814 1507; x_wconf 71' lang='grc' dir='ltr'><strong><em>ἕξ</em></strong></span> <span class='ocrx_word' id='word_1_79' title='bbox 834 1427 936 1492; x_wconf 77' lang='grc' dir='ltr'><strong><em>αὐτῶν</em></strong></span> <span class='ocrx_word' id='word_1_80' title='bbox 951 1426 991 1493; x_wconf 83' lang='grc' dir='ltr'><strong><em>τά</em></strong></span> <span class='ocrx_word' id='word_1_81' title='bbox 1007 1424 1144 1514; x_wconf 82' lang='grc' dir='ltr'><strong><em>ῥεύματα</em></strong></span> <span class='ocrx_word' id='word_1_82' title='bbox 1161 1432 1319 1513; x_wconf 69' lang='grc' dir='ltr'><strong><em>συνηρεφῆ</em></strong></span> <span class='ocrx_word' id='word_1_83' title='bbox 1382 1467 1384 1469; x_wconf 32' lang='lat' dir='ltr'>v</span> 
     </span>
     <span class='ocr_line' id='line_1_11' title="bbox 181 1525 1318 1614; baseline -0.001 -21"><span class='ocrx_word' id='word_1_84' title='bbox 181 1538 216 1593; x_wconf 80' lang='lat'><strong><em>10</em></strong></span> <span class='ocrx_word' id='word_1_85' title='bbox 224 1525 430 1592; x_wconf 72' lang='grc' dir='ltr'><strong><em>ἀποτελοῦσιν.</em></strong></span> <span class='ocrx_word' id='word_1_86' title='bbox 481 1528 515 1593; x_wconf 74' lang='lat' dir='ltr'><strong>ix</strong></span> <span class='ocrx_word' id='word_1_87' title='bbox 537 1526 652 1595; x_wconf 84' lang='grc' dir='ltr'><strong><em>τούτων</em></strong></span> <span class='ocrx_word' id='word_1_88' title='bbox 673 1530 712 1614; x_wconf 75' lang='grc' dir='ltr'><strong><em>δὴ</em></strong></span> <span class='ocrx_word' id='word_1_89' title='bbox 734 1537 795 1595; x_wconf 87' lang='grc' dir='ltr'><strong><em>τῶν</em></strong></span> <span class='ocrx_word' id='word_1_90' title='bbox 813 1535 927 1613; x_wconf 82' lang='grc' dir='ltr'><strong><em>λιμνῶν</em></strong></span> <span class='ocrx_word' id='word_1_91' title='bbox 933 1578 944 1609; x_wconf 96' lang='grc'><strong><em>,</em></strong></span> <span class='ocrx_word' id='word_1_92' title='bbox 979 1528 1017 1606; x_wconf 82' lang='grc' dir='ltr'><strong><em>ἃς</em></strong></span> <span class='ocrx_word' id='word_1_93' title='bbox 1045 1535 1189 1595; x_wconf 82' lang='grc' dir='ltr'><strong><em>καλοῦσιν</em></strong></span> <span class='ocrx_word' id='word_1_94' title='bbox 1212 1531 1318 1595; x_wconf 70' lang='grc' dir='ltr'><strong><em>ἐκεῖνοι</em></strong></span> 
     </span>
     <span class='ocr_line' id='line_1_12' title="bbox 221 1626 1319 1719; baseline 0.002 -28"><span class='ocrx_word' id='word_1_95' title='bbox 221 1626 333 1706; x_wconf 88' lang='grc' dir='ltr'><strong><em>Χαάς,</em></strong></span> <span class='ocrx_word' id='word_1_96' title='bbox 358 1632 443 1717; x_wconf 82' lang='grc' dir='ltr'><strong><em>έκρεῖ</em></strong></span> <span class='ocrx_word' id='word_1_97' title='bbox 461 1630 643 1697; x_wconf 82' lang='grc' dir='ltr'><strong><em>λεπτότατόν</em></strong></span> <span class='ocrx_word' id='word_1_98' title='bbox 661 1658 690 1697; x_wconf 90' lang='grc' dir='ltr'><strong><em>τι</em></strong></span> <span class='ocrx_word' id='word_1_99' title='bbox 713 1632 811 1719; x_wconf 78' lang='grc' dir='ltr'><strong><em>ῥεῦμα</em></strong></span> <span class='ocrx_word' id='word_1_100' title='bbox 825 1636 876 1697; x_wconf 77' lang='grc' dir='ltr'><strong><em>καὶ</em></strong></span> <span class='ocrx_word' id='word_1_101' title='bbox 889 1630 979 1714; x_wconf 85' lang='grc' dir='ltr'><strong><em>μόλις</em></strong></span> <span class='ocrx_word' id='word_1_102' title='bbox 991 1628 1159 1718; x_wconf 82' lang='grc' dir='ltr'><strong><em>όρῶμενον,</em></strong></span> <span class='ocrx_word' id='word_1_103' title='bbox 1185 1629 1258 1716; x_wconf 76' lang='grc' dir='ltr'><strong><em>ὅπερ</em></strong></span> <span class='ocrx_word' id='word_1_104' title='bbox 1275 1634 1319 1706; x_wconf 76' lang='grc' dir='ltr'><strong><em>εἷς</em></strong></span> 
     </span>
     <span class='ocr_line' id='line_1_13' title="bbox 221 1730 1319 1819; baseline 0 -22"><span class='ocrx_word' id='word_1_105' title='bbox 221 1732 344 1817; x_wconf 79' lang='grc' dir='ltr'><strong><em>στενοὺς</em></strong></span> <span class='ocrx_word' id='word_1_106' title='bbox 365 1730 476 1808; x_wconf 82' lang='grc' dir='ltr'><strong><em>τόπους</em></strong></span> <span class='ocrx_word' id='word_1_107' title='bbox 497 1736 549 1797; x_wconf 78' lang='grc' dir='ltr'><strong><em>καὶ</em></strong></span> <span class='ocrx_word' id='word_1_108' title='bbox 570 1734 648 1801; x_wconf 81' lang='grc' dir='ltr'><strong><em>κατά</em></strong></span> <span class='ocrx_word' id='word_1_109' title='bbox 672 1734 766 1819; x_wconf 87' lang='grc' dir='ltr'><strong><em>μέρος</em></strong></span> <span class='ocrx_word' id='word_1_110' title='bbox 787 1734 820 1797; x_wconf 85' lang='grc' dir='ltr'><strong><em>ε’κ</em></strong></span> <span class='ocrx_word' id='word_1_111' title='bbox 843 1731 1002 1819; x_wconf 77' lang='grc' dir='ltr'><strong><em>διαφόρων</em></strong></span> <span class='ocrx_word' id='word_1_112' title='bbox 1022 1739 1126 1817; x_wconf 83' lang='grc' dir='ltr'><strong><em>μερῶν</em></strong></span> <span class='ocrx_word' id='word_1_113' title='bbox 1150 1735 1193 1808; x_wconf 75' lang='grc' dir='ltr'><strong><em>εἷς</em></strong></span> <span class='ocrx_word' id='word_1_114' title='bbox 1215 1735 1319 1815; x_wconf 81' lang='grc' dir='ltr'><strong><em>κοίτην</em></strong></span> 
     </span>
     <span class='ocr_line' id='line_1_14' title="bbox 221 1826 1317 1918; baseline 0 -21"><span class='ocrx_word' id='word_1_115' title='bbox 221 1835 303 1899; x_wconf 73' lang='grc' dir='ltr'><strong><em>ιἰλέαν</em></strong></span> <span class='ocrx_word' id='word_1_116' title='bbox 326 1844 511 1900; x_wconf 86' lang='grc' dir='ltr'><strong><em>καταπῖπταν</em></strong></span> <span class='ocrx_word' id='word_1_117' title='bbox 535 1834 610 1916; x_wconf 82' lang='grc' dir='ltr'><strong><em>όψιν</em></strong></span> <span class='ocrx_word' id='word_1_118' title='bbox 631 1842 770 1917; x_wconf 80' lang='grc' dir='ltr'><strong><em>ποταμοῦ</em></strong></span> <span class='ocrx_word' id='word_1_119' title='bbox 791 1832 952 1918; x_wconf 80' lang='grc' dir='ltr'><strong><em>λαμβάνει.</em></strong></span> <span class='ocrx_word' id='word_1_120' title='bbox 1005 1826 1094 1910; x_wconf 75' lang='grc' dir='ltr'><strong><em>οὗτος</em></strong></span> <span class='ocrx_word' id='word_1_121' title='bbox 1116 1833 1147 1897; x_wconf 85' lang='lat' dir='ltr'><strong><em>d’</em></strong></span> <span class='ocrx_word' id='word_1_122' title='bbox 1171 1833 1210 1899; x_wconf 84' lang='grc' dir='ltr'><strong><em>άν</em></strong></span> <span class='ocrx_word' id='word_1_123' title='bbox 1233 1832 1317 1917; x_wconf 73' lang='grc' dir='ltr'><strong><em>εἷἠό</em></strong></span> 
     </span>
     <span class='ocr_line' id='line_1_15' title="bbox 220 1932 1318 2024; baseline 0 -23"><span class='ocrx_word' id='word_1_124' title='bbox 220 1942 350 2015; x_wconf 82' lang='grc' dir='ltr'><strong><em>Νεῖλος,</em></strong></span> <span class='ocrx_word' id='word_1_125' title='bbox 376 1935 459 2013; x_wconf 84' lang='grc' dir='ltr'><strong><em>ὅστις</em></strong></span> <span class='ocrx_word' id='word_1_126' title='bbox 475 1938 523 2001; x_wconf 78' lang='lat' dir='ltr'><strong>inl</strong></span> <span class='ocrx_word' id='word_1_127' title='bbox 539 1934 695 2024; x_wconf 74' lang='grc' dir='ltr'><strong><em>διαφόρων</em></strong></span> <span class='ocrx_word' id='word_1_128' title='bbox 712 1933 866 2018; x_wconf 83' lang='grc' dir='ltr'><strong><em>κλιμάτων</em></strong></span> <span class='ocrx_word' id='word_1_129' title='bbox 884 1932 1056 2018; x_wconf 76' lang='grc' dir='ltr'><strong><em>εἶλούμενος</em></strong></span> <span class='ocrx_word' id='word_1_130' title='bbox 1068 1938 1180 2020; x_wconf 70' lang='grc' dir='ltr'><strong><em>γίνεται</em></strong></span> <span class='ocrx_word' id='word_1_131' title='bbox 1197 1936 1250 2002; x_wconf 77' lang='grc' dir='ltr'><strong><em>διὰ</em></strong></span> <span class='ocrx_word' id='word_1_132' title='bbox 1264 1932 1318 2001; x_wconf 92' lang='grc' dir='ltr'><strong><em>τό-</em></strong></span> 
     </span>
     <span class='ocr_line' id='line_1_16' title="bbox 179 2028 1314 2121; baseline -0.003 -16"><span class='ocrx_word' id='word_1_133' title='bbox 179 2051 288 2107; x_wconf 82' lang='grc' dir='ltr'><strong><em>15πιον</em></strong></span> <span class='ocrx_word' id='word_1_134' title='bbox 313 2041 432 2104; x_wconf 81' lang='grc' dir='ltr'><strong><em>ὁάσείον</em></strong></span> <span class='ocrx_word' id='word_1_135' title='bbox 454 2042 505 2102; x_wconf 81' lang='grc' dir='ltr'><strong><em>καλ</em></strong></span> <span class='ocrx_word' id='word_1_136' title='bbox 530 2028 715 2116; x_wconf 78' lang='grc' dir='ltr'><strong><em>άνοάεότιον,</em></strong></span> <span class='ocrx_word' id='word_1_137' title='bbox 744 2030 788 2104; x_wconf 87' lang='grc' dir='ltr'><strong><em>ῶν</em></strong></span> <span class='ocrx_word' id='word_1_138' title='bbox 804 2040 843 2105; x_wconf 80' lang='grc' dir='ltr'><strong><em>τά</em></strong></span> <span class='ocrx_word' id='word_1_139' title='bbox 859 2040 974 2104; x_wconf 82' lang='grc' dir='ltr'><strong><em>έκεῖθεν</em></strong></span> <span class='ocrx_word' id='word_1_140' title='bbox 989 2042 1031 2110; x_wconf 79' lang='grc' dir='ltr'><strong><em>εἷς</em></strong></span> <span class='ocrx_word' id='word_1_141' title='bbox 1046 2035 1160 2120; x_wconf 76' lang='grc' dir='ltr'><strong><em>ὁμαλὸν</em></strong></span> <span class='ocrx_word' id='word_1_142' title='bbox 1174 2040 1314 2121; x_wconf 70' lang='grc' dir='ltr'><strong><em>ἐκχεῖται,</em></strong></span> 
     </span>
     <span class='ocr_line' id='line_1_17' title="bbox 219 2137 1317 2225; baseline 0.002 -21"><span class='ocrx_word' id='word_1_143' title='bbox 219 2143 272 2204; x_wconf 79' lang='grc' dir='ltr'><strong><em>καὶ</em></strong></span> <span class='ocrx_word' id='word_1_144' title='bbox 288 2138 380 2203; x_wconf 85' lang='grc' dir='ltr'><strong><em>πάλιν</em></strong></span> <span class='ocrx_word' id='word_1_145' title='bbox 395 2142 438 2215; x_wconf 75' lang='grc' dir='ltr'><strong><em>εἷς</em></strong></span> <span class='ocrx_word' id='word_1_146' title='bbox 447 2137 591 2220; x_wconf 70' lang='grc' dir='ltr'><strong><em>ποταμοῦ</em></strong></span> <span class='ocrx_word' id='word_1_147' title='bbox 607 2142 709 2221; x_wconf 82' lang='grc' dir='ltr'><strong><em>κοίτην</em></strong></span> <span class='ocrx_word' id='word_1_148' title='bbox 730 2139 911 2224; x_wconf 75' lang='grc' dir='ltr'><strong><em>συνάγεται,</em></strong></span> <span class='ocrx_word' id='word_1_149' title='bbox 937 2144 988 2207; x_wconf 79' lang='grc' dir='ltr'><strong><em>καὶ</em></strong></span> <span class='ocrx_word' id='word_1_150' title='bbox 1006 2143 1189 2225; x_wconf 80' lang='grc' dir='ltr'><strong><em>ναυσίπορος</em></strong></span> <span class='ocrx_word' id='word_1_151' title='bbox 1211 2141 1317 2206; x_wconf 81' lang='grc' dir='ltr'><strong><em>λοιπόν</em></strong></span> 
     </span>
     <span class='ocr_line' id='line_1_18' title="bbox 220 2238 1318 2328; baseline 0.002 -23"><span class='ocrx_word' id='word_1_152' title='bbox 220 2242 268 2307; x_wconf 67' lang='lat' dir='ltr'><strong>int</strong></span> <span class='ocrx_word' id='word_1_153' title='bbox 289 2241 345 2325; x_wconf 72' lang='grc' dir='ltr'><strong><em>τὴν</em></strong></span> <span class='ocrx_word' id='word_1_154' title='bbox 360 2239 490 2327; x_wconf 85' lang='grc' dir='ltr'><strong><em>Μερόην</em></strong></span> <span class='ocrx_word' id='word_1_155' title='bbox 505 2244 557 2306; x_wconf 76' lang='lat' dir='ltr'><strong>dot</strong></span> <span class='ocrx_word' id='word_1_156' title='bbox 571 2248 636 2306; x_wconf 74' lang='grc' dir='ltr'><strong><em>»τῶν</em></strong></span> <span class='ocrx_word' id='word_1_157' title='bbox 653 2238 801 2323; x_wconf 73' lang='grc' dir='ltr'><strong><em>ἀοικήτων</em></strong></span> <span class='ocrx_word' id='word_1_158' title='bbox 814 2250 870 2305; x_wconf 85' lang='grc' dir='ltr'><strong><em>τοῦ</em></strong></span> <span class='ocrx_word' id='word_1_159' title='bbox 881 2242 970 2307; x_wconf 85' lang='grc' dir='ltr'><strong><em>νότου</em></strong></span> <span class='ocrx_word' id='word_1_160' title='bbox 983 2250 1089 2328; x_wconf 85' lang='grc' dir='ltr'><strong><em>μερῶν.</em></strong></span> <span class='ocrx_word' id='word_1_161' title='bbox 1100 2244 1222 2328; x_wconf 78' lang='grc' dir='ltr'><strong><em>ηέρεται</em></strong></span> <span class='ocrx_word' id='word_1_162' title='bbox 1230 2292 1240 2322; x_wconf 94' lang='grc'><strong><em>,</em></strong></span> <span class='ocrx_word' id='word_1_163' title='bbox 1266 2245 1318 2307; x_wconf 83' lang='grc' dir='ltr'><strong><em>καλ</em></strong></span> 
     </span>
     <span class='ocr_line' id='line_1_19' title="bbox 219 2341 1317 2430; baseline -0.001 -21"><span class='ocrx_word' id='word_1_164' title='bbox 219 2341 334 2428; x_wconf 87' lang='grc' dir='ltr'><strong><em>ταύτην</em></strong></span> <span class='ocrx_word' id='word_1_165' title='bbox 348 2345 514 2430; x_wconf 72' lang='grc' dir='ltr'><strong><em>περιρρέων</em></strong></span> <span class='ocrx_word' id='word_1_166' title='bbox 531 2351 623 2425; x_wconf 83' lang='grc' dir='ltr'><strong><em>νῆσον</em></strong></span> <span class='ocrx_word' id='word_1_167' title='bbox 638 2343 793 2409; x_wconf 78' lang='grc' dir='ltr'><strong><em>ἀποτελεῖ·</em></strong></span> <span class='ocrx_word' id='word_1_168' title='bbox 820 2342 882 2408; x_wconf 77' lang='grc' dir='ltr'><strong><em>έστι</em></strong></span> <span class='ocrx_word' id='word_1_169' title='bbox 897 2343 956 2429; x_wconf 70' lang='grc' dir='ltr'><strong><em>γάρ</em></strong></span> <span class='ocrx_word' id='word_1_170' title='bbox 971 2352 1056 2408; x_wconf 81' lang='grc' dir='ltr'><strong><em>πᾶσιν</em></strong></span> <span class='ocrx_word' id='word_1_171' title='bbox 1071 2341 1183 2425; x_wconf 80' lang='grc' dir='ltr'><strong><em>ὁμαλή.</em></strong></span> <span class='ocrx_word' id='word_1_172' title='bbox 1215 2344 1317 2410; x_wconf 63' lang='lat' dir='ltr'><strong>adata:</strong></span> 
     </span>
    </p>
   </div>
   <div class='ocr_carea' id='block_1_3' title="bbox 178 2440 1316 2839">
    <p class='ocr_par' dir='ltr' id='par_1_3' title="bbox 178 2440 1316 2839">
     <span class='ocr_line' id='line_1_20' title="bbox 220 2440 1316 2534; baseline -0.002 -21"><span class='ocrx_word' id='word_1_173' title='bbox 220 2453 279 2513; x_wconf 87' lang='grc' dir='ltr'><strong><em>θεν</em></strong></span> <span class='ocrx_word' id='word_1_174' title='bbox 297 2448 332 2512; x_wconf 84' lang='grc' dir='ltr'><strong><em>τὸ</em></strong></span> <span class='ocrx_word' id='word_1_175' title='bbox 352 2446 457 2511; x_wconf 80' lang='grc' dir='ltr'><strong><em>λοιπόν</em></strong></span> <span class='ocrx_word' id='word_1_176' title='bbox 479 2444 525 2511; x_wconf 80' lang='grc' dir='ltr'><strong><em>ὅτι</em></strong></span> <span class='ocrx_word' id='word_1_177' title='bbox 544 2452 683 2511; x_wconf 79' lang='grc' dir='ltr'><strong><em>πλεῖστον</em></strong></span> <span class='ocrx_word' id='word_1_178' title='bbox 704 2442 906 2531; x_wconf 74' lang='grc' dir='ltr'><strong><em>ἐγκλειόμενος</em></strong></span> <span class='ocrx_word' id='word_1_179' title='bbox 926 2448 974 2509; x_wconf 80' lang='grc' dir='ltr'><strong><em>εἰιὶ</em></strong></span> <span class='ocrx_word' id='word_1_180' title='bbox 995 2446 1049 2528; x_wconf 77' lang='grc' dir='ltr'><strong><em>τὴν</em></strong></span> <span class='ocrx_word' id='word_1_181' title='bbox 1068 2445 1217 2530; x_wconf 79' lang='grc' dir='ltr'><strong><em>ἀνατολὴν</em></strong></span> <span class='ocrx_word' id='word_1_182' title='bbox 1233 2440 1316 2534; x_wconf 80' lang='grc' dir='ltr'><strong><em>ῥέπει</em></strong></span> 
     </span>
     <span class='ocr_line' id='line_1_21' title="bbox 178 2547 1315 2635; baseline 0 -21"><span class='ocrx_word' id='word_1_183' title='bbox 178 2553 273 2621; x_wconf 57' lang='grc' dir='ltr'><strong><em>κακαὶ</em></strong></span> <span class='ocrx_word' id='word_1_184' title='bbox 287 2552 335 2614; x_wconf 67' lang='lat' dir='ltr'><strong>tut</strong></span> <span class='ocrx_word' id='word_1_185' title='bbox 349 2550 402 2633; x_wconf 73' lang='grc' dir='ltr'><strong><em>τὴν</em></strong></span> <span class='ocrx_word' id='word_1_186' title='bbox 417 2549 592 2634; x_wconf 67' lang='grc' dir='ltr'><strong><em>Αἴγυπτον,</em></strong></span> <span class='ocrx_word' id='word_1_187' title='bbox 617 2548 756 2614; x_wconf 78' lang='grc' dir='ltr'><strong><em>κάκεῖθεν</em></strong></span> <span class='ocrx_word' id='word_1_188' title='bbox 768 2553 810 2625; x_wconf 81' lang='grc' dir='ltr'><strong><em>εἷς</em></strong></span> <span class='ocrx_word' id='word_1_189' title='bbox 826 2548 990 2614; x_wconf 89' lang='grc' dir='ltr'><strong><em>θάλασσαν</em></strong></span> <span class='ocrx_word' id='word_1_190' title='bbox 1002 2551 1211 2635; x_wconf 73' lang='grc' dir='ltr'><strong><em>σφοδροτέρου</em></strong></span> <span class='ocrx_word' id='word_1_191' title='bbox 1225 2547 1315 2615; x_wconf 89' lang='grc' dir='ltr'><strong><em>πνεύ-</em></strong></span> 
     </span>
     <span class='ocr_line' id='line_1_22' title="bbox 220 2649 1316 2739; baseline -0.002 -21"><span class='ocrx_word' id='word_1_192' title='bbox 220 2679 318 2735; x_wconf 88' lang='grc' dir='ltr'><strong><em>ματος</em></strong></span> <span class='ocrx_word' id='word_1_193' title='bbox 338 2654 570 2729; x_wconf 82' lang='grc' dir='ltr'><strong><em>καταπνέοντος·</em></strong></span> <span class='ocrx_word' id='word_1_194' title='bbox 596 2652 629 2716; x_wconf 82' lang='grc' dir='ltr'><strong><em>έκ</em></strong></span> <span class='ocrx_word' id='word_1_195' title='bbox 646 2659 700 2736; x_wconf 76' lang='grc' dir='ltr'><strong><em>τῆς</em></strong></span> <span class='ocrx_word' id='word_1_196' title='bbox 715 2655 787 2734; x_wconf 78' lang='grc' dir='ltr'><strong><em>βόας</em></strong></span> <span class='ocrx_word' id='word_1_197' title='bbox 802 2650 878 2739; x_wconf 77' lang='grc' dir='ltr'><strong><em>γάρ,</em></strong></span> <span class='ocrx_word' id='word_1_198' title='bbox 901 2649 943 2728; x_wconf 85' lang='grc' dir='ltr'><strong><em>ὡς</em></strong></span> <span class='ocrx_word' id='word_1_199' title='bbox 961 2652 1095 2737; x_wconf 72' lang='grc' dir='ltr'><strong><em>εἴρηται,</em></strong></span> <span class='ocrx_word' id='word_1_200' title='bbox 1120 2659 1176 2715; x_wconf 82' lang='grc' dir='ltr'><strong><em>τοῦ</em></strong></span> <span class='ocrx_word' id='word_1_201' title='bbox 1192 2654 1316 2738; x_wconf 78' lang='grc' dir='ltr'><strong><em>βορειόυ</em></strong></span> 
     </span>
     <span class='ocr_line' id='line_1_23' title="bbox 221 2752 1315 2839; baseline 0.001 -20"><span class='ocrx_word' id='word_1_202' title='bbox 221 2755 390 2839; x_wconf 86' lang='grc' dir='ltr'><strong><em>πνεύματος</em></strong></span> <span class='ocrx_word' id='word_1_203' title='bbox 416 2752 627 2838; x_wconf 74' lang='grc' dir='ltr'><strong><em>ἀνακλώμενος</em></strong></span> <span class='ocrx_word' id='word_1_204' title='bbox 644 2752 660 2821; x_wconf 82' lang='grc' dir='ltr'><em>ὃ</em></span> <span class='ocrx_word' id='word_1_205' title='bbox 678 2754 815 2838; x_wconf 84' lang='grc' dir='ltr'><strong><em>ποταμὸς</em></strong></span> <span class='ocrx_word' id='word_1_206' title='bbox 829 2757 879 2819; x_wconf 78' lang='grc' dir='ltr'><strong><em>καὶ</em></strong></span> <span class='ocrx_word' id='word_1_207' title='bbox 893 2760 1012 2837; x_wconf 82' lang='grc' dir='ltr'><strong><em>μᾶλλον</em></strong></span> <span class='ocrx_word' id='word_1_208' title='bbox 1026 2752 1239 2836; x_wconf 81' lang='grc' dir='ltr'><strong><em>ἀνεκχεόμενος</em></strong></span> <span class='ocrx_word' id='word_1_209' title='bbox 1253 2760 1315 2820; x_wconf 78' lang='grc' dir='ltr'><strong><em>πᾶ·</em></strong></span> 
     </span>
    </p>
   </div>
   <div class='ocr_carea' id='block_1_4' title="bbox 288 2942 1313 3083">
    <p class='ocr_par' dir='ltr' id='par_1_4' title="bbox 288 2942 1313 3083">
     <span class='ocr_line' id='line_1_24' title="bbox 288 2942 1313 3015; baseline -0.004 -12"><span class='ocrx_word' id='word_1_210' title='bbox 288 2948 365 3011; x_wconf 65' lang='grc' dir='ltr'><strong><em>θεῖς</em></strong></span> <span class='ocrx_word' id='word_1_211' title='bbox 381 2966 422 3003; x_wconf 86' lang='lat' dir='ltr'><strong><em>om</em></strong></span> <span class='ocrx_word' id='word_1_212' title='bbox 437 2947 470 3002; x_wconf 86' lang='lat' dir='ltr'><strong><em>P.</em></strong></span> <span class='ocrx_word' id='word_1_213' title='bbox 568 2944 779 3015; x_wconf 77' lang='grc' dir='ltr'><strong><em>Ίέτιιιιαριτέσιν</em></strong></span> <span class='ocrx_word' id='word_1_214' title='bbox 794 2946 827 3001; x_wconf 84' lang='grc' dir='ltr'><strong><em>Ρ.</em></strong></span> <span class='ocrx_word' id='word_1_215' title='bbox 861 2965 895 3000; x_wconf 81' lang='lat' dir='ltr'><strong>an</strong></span> <span class='ocrx_word' id='word_1_216' title='bbox 911 2942 1112 3015; x_wconf 69' lang='grc' dir='ltr'><strong><em>ἐπικαρφέσιυλ</em></strong></span> <span class='ocrx_word' id='word_1_217' title='bbox 1206 2944 1313 3013; x_wconf 84' lang='grc' dir='ltr'><strong><em>ὃλιμὲ-</em></strong></span> 
     </span>
     <span class='ocr_line' id='line_1_25' title="bbox 288 3015 1313 3083; baseline 0 -14"><span class='ocrx_word' id='word_1_218' title='bbox 288 3036 345 3069; x_wconf 86' lang='grc' dir='ltr'><strong><em>υιου</em></strong></span> <span class='ocrx_word' id='word_1_219' title='bbox 364 3019 397 3069; x_wconf 92' lang='grc' dir='ltr'><strong><em>Ρ.</em></strong></span> <span class='ocrx_word' id='word_1_220' title='bbox 519 3021 552 3074; x_wconf 89' lang='grc'><strong><em>16</em></strong></span> <span class='ocrx_word' id='word_1_221' title='bbox 568 3022 666 3071; x_wconf 81' lang='grc' dir='ltr'><strong><em>κοῖτον</em></strong></span> <span class='ocrx_word' id='word_1_222' title='bbox 681 3019 750 3081; x_wconf 87' lang='lat' dir='ltr'><strong>apud</strong></span> <span class='ocrx_word' id='word_1_223' title='bbox 767 3017 804 3083; x_wconf 89' lang='lat' dir='ltr'><strong><em>S,</em></strong></span> <span class='ocrx_word' id='word_1_224' title='bbox 827 3020 920 3077; x_wconf 79' lang='grc' dir='ltr'><strong><em>κοῖλος</em></strong></span> <span class='ocrx_word' id='word_1_225' title='bbox 938 3016 971 3069; x_wconf 89' lang='grc' dir='ltr'><strong><em>Ρ.</em></strong></span> <span class='ocrx_word' id='word_1_226' title='bbox 1084 3015 1263 3082; x_wconf 82' lang='grc' dir='ltr'><strong><em>ναυτηιτόρος</em></strong></span> <span class='ocrx_word' id='word_1_227' title='bbox 1279 3017 1313 3069; x_wconf 87' lang='lat' dir='ltr'><strong><em>V.</em></strong></span> 
     </span>
    </p>
   </div>
   <div class='ocr_carea' id='block_1_5' title="bbox 288 3079 1314 3209">
    <p class='ocr_par' dir='ltr' id='par_1_5' title="bbox 288 3079 1314 3209">
     <span class='ocr_line' id='line_1_26' title="bbox 290 3079 1314 3158; baseline -0.002 -19"><span class='ocrx_word' id='word_1_228' title='bbox 290 3088 323 3139; x_wconf 88' lang='lat'><strong><em>17</em></strong></span> <span class='ocrx_word' id='word_1_229' title='bbox 340 3085 379 3145; x_wconf 76' lang='grc' dir='ltr'><strong><em>εἰς</em></strong></span> <span class='ocrx_word' id='word_1_230' title='bbox 395 3086 427 3137; x_wconf 92' lang='grc' dir='ltr'><strong><em>Ρ.</em></strong></span> <span class='ocrx_word' id='word_1_231' title='bbox 531 3086 646 3158; x_wconf 81' lang='grc' dir='ltr'><strong><em>φέρεται</em></strong></span> <span class='ocrx_word' id='word_1_232' title='bbox 660 3086 773 3142; x_wconf 82' lang='lat' dir='ltr'><strong>Haaiuo:</strong></span> <span class='ocrx_word' id='word_1_233' title='bbox 796 3084 875 3156; x_wconf 77' lang='lat' dir='ltr'><strong>vulgo</strong></span> <span class='ocrx_word' id='word_1_234' title='bbox 889 3087 1028 3155; x_wconf 81' lang='grc' dir='ltr'><strong><em>φαίνεται.</em></strong></span> <span class='ocrx_word' id='word_1_235' title='bbox 1134 3087 1167 3139; x_wconf 85' lang='grc'><strong><em>19</em></strong></span> <span class='ocrx_word' id='word_1_236' title='bbox 1183 3079 1227 3139; x_wconf 84' lang='grc' dir='ltr'><strong><em>ότι</em></strong></span> <span class='ocrx_word' id='word_1_237' title='bbox 1240 3086 1314 3139; x_wconf 86' lang='lat' dir='ltr'><strong>Roo-</strong></span> 
     </span>
     <span class='ocr_line' id='line_1_27' title="bbox 288 3151 502 3209; baseline 0.005 -1"><span class='ocrx_word' id='word_1_238' title='bbox 288 3155 394 3208; x_wconf 78' lang='lat' dir='ltr'><strong>dorus:</strong></span> <span class='ocrx_word' id='word_1_239' title='bbox 411 3152 473 3208; x_wconf 87' lang='lat' dir='ltr'>libri</span> <span class='ocrx_word' id='word_1_240' title='bbox 486 3151 502 3209; x_wconf 81' lang='grc' dir='ltr'>ὁ</span> 
     </span>
    </p>
   </div>
   <div class='ocr_carea' id='block_1_6' title="bbox 220 3323 1313 4499">
    <p class='ocr_par' dir='ltr' id='par_1_6' title="bbox 220 3323 1313 4499">
     <span class='ocr_line' id='line_1_28' title="bbox 221 3323 1313 3395; baseline -0.004 -16"><span class='ocrx_word' id='word_1_241' title='bbox 221 3342 292 3393; x_wconf 90' lang='lat' dir='ltr'><strong>cum,</strong></span> <span class='ocrx_word' id='word_1_242' title='bbox 316 3327 387 3379; x_wconf 86' lang='lat' dir='ltr'><strong>unde</strong></span> <span class='ocrx_word' id='word_1_243' title='bbox 404 3324 545 3395; x_wconf 74' lang='lat' dir='ltr'><strong>Aethiopia</strong></span> <span class='ocrx_word' id='word_1_244' title='bbox 566 3324 669 3380; x_wconf 89' lang='lat' dir='ltr'><strong>initium</strong></span> <span class='ocrx_word' id='word_1_245' title='bbox 693 3344 768 3381; x_wconf 79' lang='lat' dir='ltr'><strong>auum</strong></span> <span class='ocrx_word' id='word_1_246' title='bbox 785 3328 820 3381; x_wconf 89' lang='lat' dir='ltr'><strong><em>ob</em></strong></span> <span class='ocrx_word' id='word_1_247' title='bbox 836 3324 973 3380; x_wconf 88' lang='lat' dir='ltr'><strong>occidente</strong></span> <span class='ocrx_word' id='word_1_248' title='bbox 991 3323 1072 3393; x_wconf 86' lang='lat' dir='ltr'><strong>capit.</strong></span> <span class='ocrx_word' id='word_1_249' title='bbox 1107 3326 1156 3379; x_wconf 76' lang='lat' dir='ltr'><strong><em>sub</em></strong></span> <span class='ocrx_word' id='word_1_250' title='bbox 1176 3323 1216 3376; x_wconf 76' lang='lat' dir='ltr'><strong>hio</strong></span> <span class='ocrx_word' id='word_1_251' title='bbox 1232 3323 1313 3393; x_wconf 83' lang='lat' dir='ltr'><strong>igitur</strong></span> 
     </span>
     <span class='ocr_line' id='line_1_29' title="bbox 221 3393 1313 3450; baseline -0.005 -2"><span class='ocrx_word' id='word_1_252' title='bbox 221 3394 350 3448; x_wconf 84' lang='lat' dir='ltr'><strong>montibus</strong></span> <span class='ocrx_word' id='word_1_253' title='bbox 367 3395 438 3449; x_wconf 82' lang='lat' dir='ltr'><strong>locus</strong></span> <span class='ocrx_word' id='word_1_254' title='bbox 455 3405 517 3449; x_wconf 77' lang='lat' dir='ltr'><strong>sunit</strong></span> <span class='ocrx_word' id='word_1_255' title='bbox 531 3396 559 3447; x_wconf 93' lang='lat' dir='ltr'><strong>in</strong></span> <span class='ocrx_word' id='word_1_256' title='bbox 574 3396 703 3449; x_wconf 81' lang='lat' dir='ltr'><strong>inlinitum</strong></span> <span class='ocrx_word' id='word_1_257' title='bbox 720 3397 882 3450; x_wconf 85' lang='lat' dir='ltr'><strong>latitudinem</strong></span> <span class='ocrx_word' id='word_1_258' title='bbox 899 3393 1011 3448; x_wconf 79' lang='lat' dir='ltr'><strong>extensi.</strong></span> <span class='ocrx_word' id='word_1_259' title='bbox 1045 3394 1140 3446; x_wconf 79' lang='lat' dir='ltr'><strong>accolit</strong></span> <span class='ocrx_word' id='word_1_260' title='bbox 1163 3405 1247 3444; x_wconf 83' lang='lat' dir='ltr'><strong>autem</strong></span> <span class='ocrx_word' id='word_1_261' title='bbox 1266 3409 1313 3444; x_wconf 85' lang='lat' dir='ltr'><strong>cos</strong></span> 
     </span>
     <span class='ocr_line' id='line_1_30' title="bbox 221 3461 1313 3533; baseline -0.005 -17"><span class='ocrx_word' id='word_1_262' title='bbox 221 3480 303 3531; x_wconf 72' lang='lat' dir='ltr'><strong>gertus</strong></span> <span class='ocrx_word' id='word_1_263' title='bbox 316 3465 446 3517; x_wconf 81' lang='lat' dir='ltr'><strong>hominurn</strong></span> <span class='ocrx_word' id='word_1_264' title='bbox 463 3466 509 3533; x_wconf 91' lang='lat' dir='ltr'><strong>qui</strong></span> <span class='ocrx_word' id='word_1_265' title='bbox 525 3466 646 3517; x_wconf 88' lang='lat' dir='ltr'><strong>dicuutur</strong></span> <span class='ocrx_word' id='word_1_266' title='bbox 660 3464 867 3533; x_wconf 79' lang='lat' dir='ltr'><strong>ichthyophagi,</strong></span> <span class='ocrx_word' id='word_1_267' title='bbox 881 3463 925 3531; x_wconf 89' lang='lat' dir='ltr'><strong>qui</strong></span> <span class='ocrx_word' id='word_1_268' title='bbox 941 3462 1002 3513; x_wconf 88' lang='lat' dir='ltr'><strong>inde</strong></span> <span class='ocrx_word' id='word_1_269' title='bbox 1019 3478 1036 3514; x_wconf 86' lang='lat' dir='ltr'><strong>a</strong></span> <span class='ocrx_word' id='word_1_270' title='bbox 1052 3462 1136 3531; x_wconf 85' lang='lat' dir='ltr'><strong>primo</strong></span> <span class='ocrx_word' id='word_1_271' title='bbox 1152 3461 1216 3512; x_wconf 85' lang='lat' dir='ltr'><strong>hora</strong></span> <span class='ocrx_word' id='word_1_272' title='bbox 1229 3477 1313 3527; x_wconf 81' lang='lat' dir='ltr'><strong>usquo</strong></span> 
     </span>
     <span class='ocr_line' id='line_1_31' title="bbox 222 3530 1312 3603; baseline -0.004 -18"><span class='ocrx_word' id='word_1_273' title='bbox 222 3534 256 3585; x_wconf 86' lang='lat' dir='ltr'><strong>ad</strong></span> <span class='ocrx_word' id='word_1_274' title='bbox 276 3550 392 3585; x_wconf 82' lang='lat' dir='ltr'><strong>occasum</strong></span> <span class='ocrx_word' id='word_1_275' title='bbox 417 3534 480 3586; x_wconf 86' lang='lat' dir='ltr'><strong>solis</strong></span> <span class='ocrx_word' id='word_1_276' title='bbox 494 3534 521 3586; x_wconf 91' lang='lat' dir='ltr'><strong>in</strong></span> <span class='ocrx_word' id='word_1_277' title='bbox 537 3552 605 3603; x_wconf 83' lang='lat' dir='ltr'><strong>aqua</strong></span> <span class='ocrx_word' id='word_1_278' title='bbox 617 3536 716 3601; x_wconf 82' lang='lat' dir='ltr'><strong>dogunt</strong></span> <span class='ocrx_word' id='word_1_279' title='bbox 732 3544 759 3586; x_wconf 90' lang='lat' dir='ltr'><strong><em>ct</em></strong></span> <span class='ocrx_word' id='word_1_280' title='bbox 775 3533 892 3601; x_wconf 75' lang='lat' dir='ltr'><strong>piscibus</strong></span> <span class='ocrx_word' id='word_1_281' title='bbox 907 3531 1021 3583; x_wconf 85' lang='lat' dir='ltr'><strong>aluntur.</strong></span> <span class='ocrx_word' id='word_1_282' title='bbox 1057 3531 1097 3582; x_wconf 74' lang='lat' dir='ltr'><strong>his</strong></span> <span class='ocrx_word' id='word_1_283' title='bbox 1116 3530 1232 3581; x_wconf 75' lang='lat' dir='ltr'><strong>confines</strong></span> <span class='ocrx_word' id='word_1_284' title='bbox 1250 3538 1312 3581; x_wconf 85' lang='lat' dir='ltr'><strong>sunt</strong></span> 
     </span>
     <span class='ocr_line' id='line_1_32' title="bbox 221 3598 1311 3671; baseline -0.004 -18"><span class='ocrx_word' id='word_1_285' title='bbox 221 3602 437 3671; x_wconf 79' lang='lat' dir='ltr'><strong>Anthropophagi</strong></span> <span class='ocrx_word' id='word_1_286' title='bbox 454 3603 500 3669; x_wconf 86' lang='lat' dir='ltr'><strong>qui</strong></span> <span class='ocrx_word' id='word_1_287' title='bbox 517 3602 653 3667; x_wconf 81' lang='lat' dir='ltr'><strong>dicunt-ur,</strong></span> <span class='ocrx_word' id='word_1_288' title='bbox 677 3602 806 3654; x_wconf 88' lang='lat' dir='ltr'><strong>homiuum</strong></span> <span class='ocrx_word' id='word_1_289' title='bbox 827 3616 910 3669; x_wconf 76' lang='lat' dir='ltr'><strong>genus</strong></span> <span class='ocrx_word' id='word_1_290' title='bbox 930 3600 1113 3664; x_wconf 76' lang='lat' dir='ltr'><strong>fortissimum,</strong></span> <span class='ocrx_word' id='word_1_291' title='bbox 1137 3598 1244 3650; x_wconf 77' lang='lat' dir='ltr'><strong>naribus</strong></span> <span class='ocrx_word' id='word_1_292' title='bbox 1265 3615 1311 3649; x_wconf 88' lang='lat' dir='ltr'><strong><em>ro-</em></strong></span> 
     </span>
     <span class='ocr_line' id='line_1_33' title="bbox 221 3665 1309 3737; baseline -0.006 -14"><span class='ocrx_word' id='word_1_293' title='bbox 221 3672 310 3723; x_wconf 78' lang='lat' dir='ltr'><strong>tundis</strong></span> <span class='ocrx_word' id='word_1_294' title='bbox 326 3680 415 3735; x_wconf 71' lang='grc' dir='ltr'><strong><em>ιιοοιιτ,</em></strong></span> <span class='ocrx_word' id='word_1_295' title='bbox 433 3671 551 3723; x_wconf 81' lang='lat' dir='ltr'><strong>faciebus</strong></span> <span class='ocrx_word' id='word_1_296' title='bbox 565 3672 694 3736; x_wconf 84' lang='lat' dir='ltr'><strong>incurvis,</strong></span> <span class='ocrx_word' id='word_1_297' title='bbox 712 3671 842 3737; x_wconf 76' lang='lat' dir='ltr'><strong>unguibus</strong></span> <span class='ocrx_word' id='word_1_298' title='bbox 861 3685 945 3737; x_wconf 88' lang='lat' dir='ltr'><strong>prope</strong></span> <span class='ocrx_word' id='word_1_299' title='bbox 963 3677 991 3719; x_wconf 89' lang='lat' dir='ltr'><strong>ut</strong></span> <span class='ocrx_word' id='word_1_300' title='bbox 1007 3669 1105 3718; x_wconf 80' lang='lat' dir='ltr'><strong>leones.</strong></span> <span class='ocrx_word' id='word_1_301' title='bbox 1141 3666 1239 3718; x_wconf 86' lang='lat' dir='ltr'><strong>exiliis</strong></span> <span class='ocrx_word' id='word_1_302' title='bbox 1257 3665 1309 3731; x_wconf 71' lang='lat' dir='ltr'><strong>igi-</strong></span> 
     </span>
     <span class='ocr_line' id='line_1_34' title="bbox 222 3734 1310 3809; baseline -0.001 -21"><span class='ocrx_word' id='word_1_303' title='bbox 222 3746 266 3789; x_wconf 90' lang='lat' dir='ltr'><strong>tur</strong></span> <span class='ocrx_word' id='word_1_304' title='bbox 281 3740 388 3795; x_wconf 81' lang='lat' dir='ltr'><strong>lacubus</strong></span> <span class='ocrx_word' id='word_1_305' title='bbox 403 3738 504 3791; x_wconf 89' lang='lat' dir='ltr'><strong>initium</strong></span> <span class='ocrx_word' id='word_1_306' title='bbox 522 3741 605 3791; x_wconf 76' lang='lat' dir='ltr'><strong>amnis</strong></span> <span class='ocrx_word' id='word_1_307' title='bbox 621 3740 706 3809; x_wconf 77' lang='lat' dir='ltr'><strong>capit:</strong></span> <span class='ocrx_word' id='word_1_308' title='bbox 730 3740 887 3807; x_wconf 78' lang='lat' dir='ltr'><strong>prodeuntia</strong></span> <span class='ocrx_word' id='word_1_309' title='bbox 903 3737 970 3788; x_wconf 88' lang='lat' dir='ltr'><strong>enim</strong></span> <span class='ocrx_word' id='word_1_310' title='bbox 987 3752 1020 3787; x_wconf 86' lang='lat' dir='ltr'><strong>ex</strong></span> <span class='ocrx_word' id='word_1_311' title='bbox 1035 3734 1068 3786; x_wconf 78' lang='lat' dir='ltr'><strong><em>iio</em></strong></span> <span class='ocrx_word' id='word_1_312' title='bbox 1085 3736 1192 3787; x_wconf 86' lang='lat' dir='ltr'><strong>flumina</strong></span> <span class='ocrx_word' id='word_1_313' title='bbox 1209 3734 1310 3787; x_wconf 84' lang='lat' dir='ltr'><strong>occulta</strong></span> 
     </span>
     <span class='ocr_line' id='line_1_35' title="bbox 221 3802 1309 3877; baseline -0.004 -19"><span class='ocrx_word' id='word_1_314' title='bbox 221 3808 331 3861; x_wconf 84' lang='lat' dir='ltr'><strong>faciunt.</strong></span> <span class='ocrx_word' id='word_1_315' title='bbox 366 3826 399 3860; x_wconf 89' lang='lat' dir='ltr'><strong>ex</strong></span> <span class='ocrx_word' id='word_1_316' title='bbox 413 3808 452 3859; x_wconf 88' lang='lat' dir='ltr'><strong>his</strong></span> <span class='ocrx_word' id='word_1_317' title='bbox 468 3807 549 3874; x_wconf 76' lang='lat' dir='ltr'><strong>igitur</strong></span> <span class='ocrx_word' id='word_1_318' title='bbox 564 3809 689 3874; x_wconf 86' lang='lat' dir='ltr'><strong>lacubus,</strong></span> <span class='ocrx_word' id='word_1_319' title='bbox 711 3825 777 3877; x_wconf 83' lang='lat' dir='ltr'><strong>quos</strong></span> <span class='ocrx_word' id='word_1_320' title='bbox 794 3808 833 3859; x_wconf 87' lang='lat' dir='ltr'><strong>illi</strong></span> <span class='ocrx_word' id='word_1_321' title='bbox 849 3817 945 3858; x_wconf 84' lang='lat' dir='ltr'><strong>vocant</strong></span> <span class='ocrx_word' id='word_1_322' title='bbox 957 3804 1061 3869; x_wconf 77' lang='lat' dir='ltr'><strong>Chaos,</strong></span> <span class='ocrx_word' id='word_1_323' title='bbox 1085 3804 1173 3857; x_wconf 84' lang='lat' dir='ltr'><strong>effluit</strong></span> <span class='ocrx_word' id='word_1_324' title='bbox 1190 3802 1309 3854; x_wconf 82' lang='lat' dir='ltr'><strong>minutis-</strong></span> 
     </span>
     <span class='ocr_line' id='line_1_36' title="bbox 222 3871 1310 3946; baseline -0.004 -19"><span class='ocrx_word' id='word_1_325' title='bbox 222 3874 313 3928; x_wconf 72' lang='lat' dir='ltr'><strong>simum</strong></span> <span class='ocrx_word' id='word_1_326' title='bbox 331 3876 437 3946; x_wconf 84' lang='lat' dir='ltr'><strong>aliquod</strong></span> <span class='ocrx_word' id='word_1_327' title='bbox 452 3876 548 3929; x_wconf 83' lang='lat' dir='ltr'><strong>flumen</strong></span> <span class='ocrx_word' id='word_1_328' title='bbox 565 3887 593 3929; x_wconf 86' lang='lat' dir='ltr'><strong><em>ct</em></strong></span> <span class='ocrx_word' id='word_1_329' title='bbox 608 3879 653 3929; x_wconf 76' lang='lat' dir='ltr'><strong>vix</strong></span> <span class='ocrx_word' id='word_1_330' title='bbox 667 3878 694 3930; x_wconf 91' lang='lat' dir='ltr'><strong>in</strong></span> <span class='ocrx_word' id='word_1_331' title='bbox 712 3877 800 3929; x_wconf 81' lang='lat' dir='ltr'><strong>oculos</strong></span> <span class='ocrx_word' id='word_1_332' title='bbox 816 3878 925 3939; x_wconf 77' lang='lat' dir='ltr'><strong>cadens,</strong></span> <span class='ocrx_word' id='word_1_333' title='bbox 951 3874 1021 3941; x_wconf 89' lang='lat' dir='ltr'><strong>quod</strong></span> <span class='ocrx_word' id='word_1_334' title='bbox 1040 3873 1068 3923; x_wconf 86' lang='lat' dir='ltr'><strong>in</strong></span> <span class='ocrx_word' id='word_1_335' title='bbox 1084 3881 1195 3943; x_wconf 81' lang='lat' dir='ltr'><strong>angusta</strong></span> <span class='ocrx_word' id='word_1_336' title='bbox 1210 3871 1266 3922; x_wconf 86' lang='lat' dir='ltr'><strong>loca</strong></span> <span class='ocrx_word' id='word_1_337' title='bbox 1282 3881 1310 3923; x_wconf 83' lang='lat' dir='ltr'><strong><em>et</em></strong></span> 
     </span>
     <span class='ocr_line' id='line_1_37' title="bbox 223 3939 1310 4027; baseline -0.002 -33"><span class='ocrx_word' id='word_1_338' title='bbox 223 3945 316 4013; x_wconf 85' lang='lat' dir='ltr'><strong>partim</strong></span> <span class='ocrx_word' id='word_1_339' title='bbox 334 3965 367 3999; x_wconf 84' lang='lat' dir='ltr'><strong>cx</strong></span> <span class='ocrx_word' id='word_1_340' title='bbox 384 3946 496 3999; x_wconf 81' lang='lat' dir='ltr'><strong>diversis</strong></span> <span class='ocrx_word' id='word_1_341' title='bbox 512 3946 630 4014; x_wconf 87' lang='lat' dir='ltr'><strong>partibus</strong></span> <span class='ocrx_word' id='word_1_342' title='bbox 642 3947 675 3998; x_wconf 87' lang='lat' dir='ltr'><strong>in</strong></span> <span class='ocrx_word' id='word_1_343' title='bbox 685 3946 794 3998; x_wconf 81' lang='lat' dir='ltr'><strong>‘alveum</strong></span> <span class='ocrx_word' id='word_1_344' title='bbox 813 3944 946 4027; x_wconf 88' lang='lat' dir='ltr'><strong>proprium</strong></span> <span class='ocrx_word' id='word_1_345' title='bbox 962 3941 1080 3994; x_wconf 67' lang='lat' dir='ltr'><strong>incidens</strong></span> <span class='ocrx_word' id='word_1_346' title='bbox 1098 3941 1179 3994; x_wconf 69' lang='lat' dir='ltr'><strong>aaronis</strong></span> <span class='ocrx_word' id='word_1_347' title='bbox 1195 3939 1310 4009; x_wconf 78' lang='lat' dir='ltr'><strong>speciem</strong></span> 
     </span>
     <span class='ocr_line' id='line_1_38' title="bbox 221 4009 1310 4082; baseline -0.006 -17"><span class='ocrx_word' id='word_1_348' title='bbox 221 4013 327 4081; x_wconf 84' lang='lat' dir='ltr'><strong>accipit.</strong></span> <span class='ocrx_word' id='word_1_349' title='bbox 363 4015 407 4069; x_wconf 88' lang='lat' dir='ltr'><strong><em>hic</em></strong></span> <span class='ocrx_word' id='word_1_350' title='bbox 428 4024 513 4068; x_wconf 82' lang='lat' dir='ltr'><strong>autem</strong></span> <span class='ocrx_word' id='word_1_351' title='bbox 528 4015 593 4069; x_wconf 81' lang='lat' dir='ltr'><strong>,lere</strong></span> <span class='ocrx_word' id='word_1_352' title='bbox 611 4015 647 4066; x_wconf 81' lang='lat' dir='ltr'><strong><em>sit</em></strong></span> <span class='ocrx_word' id='word_1_353' title='bbox 664 4015 757 4081; x_wconf 85' lang='lat' dir='ltr'><strong>Nilus,</strong></span> <span class='ocrx_word' id='word_1_354' title='bbox 776 4032 821 4082; x_wconf 88' lang='lat' dir='ltr'><strong><em>qur</em></strong></span> <span class='ocrx_word' id='word_1_355' title='bbox 842 4029 922 4081; x_wconf 83' lang='lat' dir='ltr'><strong>nuper</strong></span> <span class='ocrx_word' id='word_1_356' title='bbox 938 4009 1019 4061; x_wconf 86' lang='lat' dir='ltr'><strong>variis</strong></span> <span class='ocrx_word' id='word_1_357' title='bbox 1037 4010 1112 4060; x_wconf 80' lang='lat' dir='ltr'><strong>clivis</strong></span> <span class='ocrx_word' id='word_1_358' title='bbox 1129 4009 1244 4062; x_wconf 82' lang='lat' dir='ltr'><strong>volvitur</strong></span> <span class='ocrx_word' id='word_1_359' title='bbox 1261 4024 1310 4075; x_wconf 83' lang='lat' dir='ltr'><strong>per</strong></span> 
     </span>
     <span class='ocr_line' id='line_1_39' title="bbox 220 4075 1310 4153; baseline -0.006 -20"><span class='ocrx_word' id='word_1_360' title='bbox 220 4080 278 4133; x_wconf 86' lang='lat' dir='ltr'><strong>loca</strong></span> <span class='ocrx_word' id='word_1_361' title='bbox 294 4100 389 4151; x_wconf 82' lang='lat' dir='ltr'><strong>aspera</strong></span> <span class='ocrx_word' id='word_1_362' title='bbox 402 4094 480 4153; x_wconf 82' lang='lat' dir='ltr'><strong>atque</strong></span> <span class='ocrx_word' id='word_1_363' title='bbox 495 4083 576 4136; x_wconf 85' lang='lat' dir='ltr'><strong>invia.</strong></span> <span class='ocrx_word' id='word_1_364' title='bbox 610 4084 672 4135; x_wconf 83' lang='lat' dir='ltr'><strong>inde</strong></span> <span class='ocrx_word' id='word_1_365' title='bbox 691 4084 718 4134; x_wconf 88' lang='lat' dir='ltr'><strong>in</strong></span> <span class='ocrx_word' id='word_1_366' title='bbox 738 4082 872 4152; x_wconf 83' lang='lat' dir='ltr'><strong>planitiem</strong></span> <span class='ocrx_word' id='word_1_367' title='bbox 889 4078 1030 4133; x_wconf 85' lang='lat' dir='ltr'><strong>ell&#39;unditur</strong></span> <span class='ocrx_word' id='word_1_368' title='bbox 1048 4087 1078 4130; x_wconf 84' lang='lat' dir='ltr'><strong><em>et·</em></strong></span> <span class='ocrx_word' id='word_1_369' title='bbox 1090 4091 1179 4129; x_wconf 78' lang='lat' dir='ltr'><strong>rursus</strong></span> <span class='ocrx_word' id='word_1_370' title='bbox 1194 4077 1221 4128; x_wconf 89' lang='lat' dir='ltr'><strong>in</strong></span> <span class='ocrx_word' id='word_1_371' title='bbox 1234 4075 1310 4128; x_wconf 83' lang='lat' dir='ltr'><strong>fluvii</strong></span> 
     </span>
     <span class='ocr_line' id='line_1_40' title="bbox 221 4148 1309 4219; baseline -0.006 -15"><span class='ocrx_word' id='word_1_372' title='bbox 221 4149 320 4204; x_wconf 80' lang='lat' dir='ltr'><strong>alveum</strong></span> <span class='ocrx_word' id='word_1_373' title='bbox 336 4156 512 4218; x_wconf 84' lang='lat' dir='ltr'><strong>contrahitur,</strong></span> <span class='ocrx_word' id='word_1_374' title='bbox 529 4162 558 4205; x_wconf 86' lang='lat' dir='ltr'><strong><em>et</em></strong></span> <span class='ocrx_word' id='word_1_375' title='bbox 574 4152 729 4219; x_wconf 79' lang='lat' dir='ltr'><strong>navigabilis</strong></span> <span class='ocrx_word' id='word_1_376' title='bbox 745 4153 841 4205; x_wconf 88' lang='lat' dir='ltr'><strong>deinde</strong></span> <span class='ocrx_word' id='word_1_377' title='bbox 854 4152 887 4203; x_wconf 85' lang='lat' dir='ltr'><strong>ad</strong></span> <span class='ocrx_word' id='word_1_378' title='bbox 903 4149 1010 4201; x_wconf 66' lang='lat' dir='ltr'><strong>Mero&#39;e‘n</strong></span> <span class='ocrx_word' id='word_1_379' title='bbox 1024 4163 1072 4214; x_wconf 89' lang='lat' dir='ltr'><strong>per</strong></span> <span class='ocrx_word' id='word_1_380' title='bbox 1086 4148 1205 4204; x_wconf 76' lang='lat' dir='ltr'><strong>desertus</strong></span> <span class='ocrx_word' id='word_1_381' title='bbox 1219 4154 1309 4214; x_wconf 80' lang='lat' dir='ltr'><strong>parter</strong></span> 
     </span>
     <span class='ocr_line' id='line_1_41' title="bbox 222 4214 1310 4288; baseline -0.005 -15"><span class='ocrx_word' id='word_1_382' title='bbox 222 4219 403 4273; x_wconf 81' lang='lat' dir='ltr'><strong>meridionales</strong></span> <span class='ocrx_word' id='word_1_383' title='bbox 427 4224 560 4288; x_wconf 75' lang='lat' dir='ltr'><strong>defertur,</strong></span> <span class='ocrx_word' id='word_1_384' title='bbox 587 4231 614 4273; x_wconf 88' lang='lat' dir='ltr'><strong><em>et</em></strong></span> <span class='ocrx_word' id='word_1_385' title='bbox 637 4223 704 4273; x_wconf 84' lang='lat' dir='ltr'><strong>hanc</strong></span> <span class='ocrx_word' id='word_1_386' title='bbox 722 4221 904 4273; x_wconf 80' lang='lat' dir='ltr'><strong>circumlinens</strong></span> <span class='ocrx_word' id='word_1_387' title='bbox 925 4216 1032 4267; x_wconf 77' lang='lat' dir='ltr'><strong>insulam</strong></span> <span class='ocrx_word' id='word_1_388' title='bbox 1056 4216 1155 4267; x_wconf 80' lang='lat' dir='ltr'><strong>eflicit:</strong></span> <span class='ocrx_word' id='word_1_389' title='bbox 1181 4224 1223 4267; x_wconf 83' lang='lat' dir='ltr'><strong><em>est</em></strong></span> <span class='ocrx_word' id='word_1_390' title='bbox 1240 4214 1310 4269; x_wconf 85' lang='lat' dir='ltr'><strong>enirn</strong></span> 
     </span>
     <span class='ocr_line' id='line_1_42' title="bbox 222 4284 1309 4359; baseline -0.007 -17"><span class='ocrx_word' id='word_1_391' title='bbox 222 4296 278 4342; x_wconf 83' lang='lat' dir='ltr'><strong>toto</strong></span> <span class='ocrx_word' id='word_1_392' title='bbox 294 4288 380 4357; x_wconf 82' lang='lat' dir='ltr'><strong>plana.</strong></span> <span class='ocrx_word' id='word_1_393' title='bbox 417 4301 444 4343; x_wconf 88' lang='lat' dir='ltr'><strong><em>et</em></strong></span> <span class='ocrx_word' id='word_1_394' title='bbox 461 4293 523 4346; x_wconf 86' lang='lat' dir='ltr'><strong>inde</strong></span> <span class='ocrx_word' id='word_1_395' title='bbox 540 4308 633 4359; x_wconf 87' lang='lat' dir='ltr'><strong>porro,</strong></span> <span class='ocrx_word' id='word_1_396' title='bbox 658 4290 716 4341; x_wconf 86' lang='lat' dir='ltr'><strong><em>dum</em></strong></span> <span class='ocrx_word' id='word_1_397' title='bbox 735 4289 871 4341; x_wconf 82' lang='lat' dir='ltr'><strong>maximam</strong></span> <span class='ocrx_word' id='word_1_398' title='bbox 887 4297 986 4355; x_wconf 85' lang='lat' dir='ltr'><strong>partem</strong></span> <span class='ocrx_word' id='word_1_399' title='bbox 1004 4284 1160 4353; x_wconf 87' lang='lat' dir='ltr'><strong>includitur,</strong></span> <span class='ocrx_word' id='word_1_400' title='bbox 1182 4284 1309 4336; x_wconf 85' lang='lat' dir='ltr'><strong>orientem</strong></span> 
     </span>
     <span class='ocr_line' id='line_1_43' title="bbox 223 4352 1310 4428; baseline -0.006 -18"><span class='ocrx_word' id='word_1_401' title='bbox 223 4375 314 4411; x_wconf 78' lang='lat' dir='ltr'><strong>versus</strong></span> <span class='ocrx_word' id='word_1_402' title='bbox 331 4356 471 4413; x_wconf 86' lang='lat' dir='ltr'><strong>inclinatur</strong></span> <span class='ocrx_word' id='word_1_403' title='bbox 489 4362 565 4413; x_wconf 86' lang='lat' dir='ltr'><strong>etad</strong></span> <span class='ocrx_word' id='word_1_404' title='bbox 583 4361 729 4428; x_wconf 74' lang='lat' dir='ltr'><strong>Aegyptum</strong></span> <span class='ocrx_word' id='word_1_405' title='bbox 747 4373 840 4408; x_wconf 83' lang='lat' dir='ltr'><strong>versuo</strong></span> <span class='ocrx_word' id='word_1_406' title='bbox 857 4357 970 4421; x_wconf 79' lang='lat' dir='ltr'><strong>indeque</strong></span> <span class='ocrx_word' id='word_1_407' title='bbox 987 4354 1013 4404; x_wconf 88' lang='lat' dir='ltr'><strong>in</strong></span> <span class='ocrx_word' id='word_1_408' title='bbox 1030 4367 1102 4406; x_wconf 80' lang='lat' dir='ltr'><strong>mare</strong></span> <span class='ocrx_word' id='word_1_409' title='bbox 1113 4352 1310 4405; x_wconf 71' lang='lat' dir='ltr'><strong>vehementiore</strong></span> 
     </span>
     <span class='ocr_line' id='line_1_44' title="bbox 224 4422 1310 4499; baseline -0.004 -21"><span class='ocrx_word' id='word_1_410' title='bbox 224 4436 301 4482; x_wconf 81' lang='lat' dir='ltr'><strong>vento</strong></span> <span class='ocrx_word' id='word_1_411' title='bbox 323 4427 454 4499; x_wconf 77' lang='lat' dir='ltr'><strong>spirante:</strong></span> <span class='ocrx_word' id='word_1_412' title='bbox 480 4429 508 4481; x_wconf 79' lang='lat' dir='ltr'><strong>vi</strong></span> <span class='ocrx_word' id='word_1_413' title='bbox 523 4430 607 4498; x_wconf 87' lang='lat' dir='ltr'><strong>onim,</strong></span> <span class='ocrx_word' id='word_1_414' title='bbox 631 4439 662 4483; x_wconf 86' lang='lat' dir='ltr'><strong>ut</strong></span> <span class='ocrx_word' id='word_1_415' title='bbox 677 4426 773 4481; x_wconf 87' lang='lat' dir='ltr'><strong>dictum</strong></span> <span class='ocrx_word' id='word_1_416' title='bbox 789 4434 847 4494; x_wconf 83' lang='lat' dir='ltr'><strong>cat,</strong></span> <span class='ocrx_word' id='word_1_417' title='bbox 869 4423 942 4480; x_wconf 84' lang='lat' dir='ltr'><strong>venti</strong></span> <span class='ocrx_word' id='word_1_418' title='bbox 961 4422 1174 4491; x_wconf 75' lang='lat' dir='ltr'><strong>septentrionalis</strong></span> <span class='ocrx_word' id='word_1_419' title='bbox 1191 4423 1251 4475; x_wconf 76' lang='lat' dir='ltr'><strong>duan</strong></span> <span class='ocrx_word' id='word_1_420' title='bbox 1264 4436 1310 4474; x_wconf 81' lang='lat' dir='ltr'><strong>rc-</strong></span> 
     </span>
    </p>
   </div>
   <div class='ocr_carea' id='block_1_7' title="bbox 0 0 1568 4959">
    <p class='ocr_par' dir='ltr' id='par_1_7' title="bbox 0 0 1568 4959">
     <span class='ocr_line' id='line_1_45' title="bbox 0 0 1568 4959; baseline 0 1"><span class='ocrx_word' id='word_1_421' title='bbox 0 0 1568 4959; x_wconf 95' lang='lat' dir='ltr'><strong><em> </em></strong></span> 
     </span>
    </p>
   </div>
  </div>
 </body>
</html>
