3125 4959
616 360 959 431 COMMENTARIUS.
1299 380 1336 428 nr

238 566 321 627 rebat
342 564 560 647 praefectorum
581 564 823 645 commutatione.
876 561 918 623 ad
946 564 1188 644 augustalitatem
1211 581 1332 645 quoque

236 680 327 750 atque
348 667 424 727 adeo
445 665 654 747 progrediente
670 677 766 757 aetate
780 666 822 726 ad
835 666 1020 727 corniculum
1031 670 1180 755 pervenit,
1201 669 1333 748 quierat

236 772 431 829 militantium
450 771 483 827 in
504 770 621 829 scriniis
639 766 748 846 gradus
771 789 842 827 cum
865 770 1068 849 amplissimus
1088 780 1155 828 tum
1170 771 1260 827 etiam
1274 771 1328 829 ilo·

236 884 319 933 rente
330 874 477 953 praetorio
490 871 623 928 maxime
637 870 823 930 fructuosus:
845 872 1029 930 tribuebatur
1041 872 1123 931 enim
1132 891 1187 949 per
1199 891 1332 932 amanum

236 977 383 1055 spatium,
407 992 460 1053 pro
481 974 632 1031 minorum
653 971 819 1031 officiorum
836 970 963 1032 honeste
978 971 1169 1031 decursorum
1186 976 1330 1052 praemio,
1347 990 1376 1045 p·
1395 988 1436 1026 vn

235 1076 407 1137 hominibus
425 1076 501 1133 bene
521 1076 636 1133 meritis
657 1094 691 1133 ac
711 1076 871 1133 veteranis.
912 1072 967 1133 sed
986 1072 1105 1152 Lydus,
1127 1094 1195 1133 cum
1209 1078 1286 1134 circa
1303 1095 1331 1135 a.

235 1179 346 1240 Christi
362 1180 421 1244 552
438 1196 473 1235 eo
489 1177 666 1251 emersisset,
686 1189 805 1257 praeter
818 1196 904 1256 spem
917 1178 1018 1235 amisit
1030 1186 1127 1237 toturn
1140 1175 1227 1254 illud,
1249 1176 1332 1258 quod

236 1291 299 1340 erat
315 1300 367 1359 ape
385 1277 576 1353 devoratum,
599 1280 828 1339 cornicularium
839 1280 967 1338 lucrum.
1009 1276 1114 1338 incidit
1127 1282 1209 1337 enim
1222 1281 1256 1337 in
1269 1282 1331 1339 mi·

154 1462 158 1468 ι
235 1382 394 1443 serabilem
421 1381 607 1439 eversionem
634 1380 801 1441 officiorum
829 1385 1055 1461 maximamque
1078 1382 1332 1460 perturbationem

235 1483 410 1563 disciplinae
421 1484 531 1543 veteris
543 1502 578 1542 ac
591 1480 822 1544 diminutionem
833 1487 1036 1566 vectigalium,
1058 1503 1094 1542 eo
1108 1504 1204 1563 usque
1215 1494 1249 1541 ut
1262 1502 1332 1542 cum

235 1598 323 1647 autea
332 1587 544 1647 cornicularius
557 1605 610 1645 suo
626 1605 703 1647 anno
719 1607 759 1647 ex
772 1589 837 1647 sola
845 1599 980 1649 actorum
987 1588 1203 1665 subscriptione
1212 1594 1331 1663 caperet

234 1710 295 1751 non
307 1691 408 1755 minua
421 1690 504 1748 nulle
519 1687 641 1765 solidos,
656 1688 760 1769 Lydus
775 1682 963 1755 confirmetis
983 1690 1025 1755 26
1042 1710 1073 1768 p.
1087 1690 1151 1753 218
1167 1688 1188 1750 3
1207 1708 1240 1746 se
1253 1684 1331 1745 nibil

233 1803 301 1874 post
320 1790 474 1851 diuturnos
493 1791 611 1853 labores
631 1811 723 1873 qnam
743 1812 857 1853 vanum
872 1811 985 1851 nomeu
1003 1801 1210 1867 consecutum,
1231 1809 1331 1871 neque

233 1896 407 1975 aprmcipe
427 1912 526 1973 neque
549 1913 590 1953 ex
607 1896 855 1975 completionibus
876 1894 976 1975 (quae
997 1904 1081 1954 erant
1101 1913 1171 1974 pars
1188 1890 1331 1973 stipendii

181 2020 191 2040 ·
233 1998 435 2058 corniculariis
448 1995 618 2075 constituti)
640 1999 790 2076 accepisse
800 2016 927 2054 numum
938 1997 1044 2074 ullum,
1067 1997 1195 2078 denique
1209 2013 1331 2055 omnem

232 2100 296 2157 fere
307 2100 386 2159 vitae
400 2100 560 2177 superiorIs
575 2100 705 2158 fructum
718 2096 896 2179 perdidisse.
919 2100 961 2156 ita
973 2099 1085 2159 librum
1099 2098 1137 2158 de
1146 2098 1331 2177 Magistrati-

232 2200 291 2259 bus
306 2200 479 2275 conscripsit
491 2220 608 2258 summo
624 2222 693 2259 cum
706 2199 861 2260 stomacho
877 2211 967 2281 atque
981 2201 1135 2262 iracundia
1149 2198 1330 2276 incredibili,

234 2299 424 2382 querelisque
437 2308 533 2355 totum
546 2300 680 2357 refersit:
703 2299 793 2362 vid.8
812 2305 852 2362 12
867 2322 899 2379 p.
907 2307 969 2369 206
983 2308 1011 2380 1,
1028 2310 1087 2370 207
1105 2306 1147 2369 23
1160 2312 1190 2362 et
1203 2293 1272 2368 208'
1278 2305 1330 2366 12.

233 2422 289 2461 nec
301 2404 344 2459 ita
359 2402 490 2459 multum
503 2399 622 2461 videtur
633 2403 732 2461 luctus
744 2402 860 2460 levatus
874 2421 940 2459 esse
954 2406 1017 2463 eius
1030 2408 1083 2465 illo
1098 2408 1214 2476 solatio,
1237 2400 1330 2482 quod,

233 2507 260 2565 si
278 2506 379 2563 annuus
397 2501 563 2581 stipendio,
585 2504 680 2582 gloria
697 2515 775 2564 certe
790 2524 826 2563 ac
838 2503 927 2563 laude
942 2516 1047 2564 auctus
1064 2515 1128 2580 est,
1149 2523 1219 2563 cum
1233 2522 1251 2561 a
1266 2503 1331 2562 col-

231 2609 310 2688 legis
323 2606 491 2665 officiorum
512 2605 553 2686 (3
574 2610 616 2670 27
636 2626 668 2685 p.
682 2608 747 2670 220
764 2608 806 2669 21
825 2617 856 2665 et
868 2627 900 2686 p.
913 2610 977 2673 223
999 2607 1039 2686 1)
1062 2615 1129 2663 tum
1143 2625 1161 2663 a
1173 2606 1332 2686 praefectis

232 2711 366 2791 ipsisque
388 2708 633 2787 imperatoribus,
660 2706 753 2788 idque
774 2711 910 2768 maxime
933 2707 1050 2774 duobus
1070 2706 1214 2784 decretis,
1236 2709 1332 2768 altero

231 2813 415 2894 pragmatico
428 2811 585 2887 Iustiniani
606 2808 646 2889 (3
667 2812 710 2872 29
730 2830 761 2888 p.
774 2812 839 2873 222
858 2807 919 2888 2),
941 2828 1001 2890 quc
1015 2812 1170 2870 extollitur
1181 2809 1261 2890 Lydi
1275 2808 1333 2870 do·

232 2914 327 2973 ctrina
346 2913 475 2989 eximia,
498 2913 616 2993 po'e'tica
634 2909 810 2986 suavitudo,
832 2910 959 2971 eruditio
980 2913 1108 2988 Latina,
1138 2915 1445 2985 conlenmturp.vn1

232 3016 376 3075 beneficia
391 3013 556 3097 quaedam,
576 3016 664 3095 plura
679 3016 910 3093 promittuntur,
932 3011 1034 3075 addito
1051 3013 1172 3075 hortatu
1187 3025 1220 3074 nt
1232 3016 1331 3094 pluri·

232 3116 289 3176 bus
313 3118 427 3177 ciuibus
446 3120 611 3197 porrigeret
629 3118 730 3176 lucem
749 3118 885 3196 ingenii,
917 3135 977 3197 qua
1000 3100 1091 3177 laude
1112 3122 1251 3177 incensus
1274 3138 1329 3196 per

233 3216 357 3302 aliquod
371 3228 490 3297 tempus
505 3230 551 3279 est
563 3221 682 3299 publice
696 3221 797 3280 nescio
813 3217 887 3301 quid
902 3221 1071 3299 professus,
1092 3222 1228 3298 lirrguam
1241 3220 1328 3277 leati—

232 3340 320 3398 nam,
344 3323 467 3400 opinor,
493 3321 543 3380 vel
565 3324 726 3397 Graecam3
757 3324 851 3381 altero
872 3320 1018 3383 honestae
1040 3324 1191 3380 missionis
1221 3320 1264 3401 (3
1285 3324 1328 3386 30

232 3444 265 3503 p·
272 3426 334 3489 223
357 3421 416 3502 15)
438 3442 517 3483 anno
530 3422 608 3500 552,
629 3422 752 3483 sedente
764 3426 798 3482 iu
809 3421 955 3503 suggestu
964 3423 1135 3504 Hephaesta
1147 3446 1179 3504 p.
1194 3444 1237 3503 p.,
1259 3444 1329 3483 cum

232 3536 300 3605 post
313 3545 458 3585 armorum
468 3525 510 3591 40
523 3528 672 3586 mensium
687 3523 877 3604 imilitiam,
898 3536 1045 3586 transacto
1059 3527 1208 3587 corniculo
1221 3529 1328 3606 cingu-

231 3628 322 3708 loque
352 3626 504 3710 deposito,
531 3631 720 3708 sexagesimo
747 3627 878 3699 secundo
903 3632 1008 3688 aetatis
1028 3647 1106 3687 anuo
1128 3630 1161 3687 in
1181 3631 1328 3709 palatium

233 3728 385 3805 tiansiret,
405 3733 519 3791 iuribus
535 3733 721 3813 simonisque
734 3734 925 3791 emeritorum
939 3732 1092 3789 fruiturus.
1135 3752 1195 3813 quo
1213 3734 1246 3790 in
1265 3734 1327 3791 otio

232 3831 271 3891 ad
292 3830 481 3891 scribendum
503 3844 600 3894 totum
612 3854 645 3893 se
660 3836 803 3910 contulit,
824 3836 888 3893 fere
907 3845 1041 3911 ternpore
1053 3833 1160 3895 eodem
1175 3856 1235 3916 quo
1249 3838 1326 3893 Pro-

232 3937 336 4015 copius
349 3935 565 4011 Caesariensis,
587 3938 753 4016 imperante
768 3940 925 3996 etiamtum
938 3938 1113 3998 iustiniano.
1157 3940 1205 3998 cui
1220 3957 1259 3995 an
1273 3958 1326 3997 su-

231 4048 344 4117 perstes
360 4037 452 4096 fuerit
469 4040 674 4121 lustinumqne
690 4041 855 4115 iuniorem,
884 4041 937 4119 qui
955 4044 1096 4101 successit
1112 4061 1141 4100 a.
1154 4039 1231 4115 555,
1253 4040 1326 4097 utti-

232 4142 323 4217 gerit,
345 4136 428 4197 haud
448 4140 526 4198 scio:
553 4141 657 4201 luisset
678 4152 744 4201 tum
765 4160 913 4202 annorum
933 4141 985 4206 75.
1028 4164 1106 4226 quae
1125 4141 1249 4223 quidem
1268 4142 1324 4199 snb

232 4244 297 4302 eius
317 4244 439 4304 nomine
460 4252 576 4305 servata
593 4254 679 4323 aruit,
710 4265 745 4305 ea
766 4254 845 4305 certa
864 4246 965 4305 omnia
988 4248 1043 4309 sub
1066 4248 1230 4309 lastiniano
1249 4244 1325 4303 sori-

224 4345 300 4425 psit.
