3125 4959
585 394 929 463 consumemus.
1135 356 1138 361 ’
1220 412 1307 479 ιω

214 586 316 671 prodit
336 591 391 650 sub
415 591 501 651 titulo
523 592 688 653 eiusmodi:
716 594 840 653 Ioannis
853 593 1014 652 umentis·
1032 590 1306 672 Philadelphiemn

213 694 298 772 Iffcli
318 693 504 771 opuseulum
533 692 571 752 cle
591 694 748 753 Munatius
778 697 967 777 [quanquam
992 696 1091 773 potius
1115 695 1307 756 scribendum

213 794 330 870 fuisset,
352 798 501 875 Excerpta
513 814 555 853 ex
566 798 669 855 locun.
681 800 824 857 Laurent.
838 794 960 857 Philad.
972 794 1052 877 Lydi
1066 798 1161 876 Opere
1172 794 1307 856 deMen-

213 896 313 975 sibus]
332 918 367 957 er
384 897 471 957 codd.
495 918 556 957 mes
572 895 707 957 biblioth.
722 897 885 957 Borberin.
901 911 930 957 et
946 900 1045 961 Votio.
1060 910 1090 957 et
1091 898 1306 977 fragmentum

213 996 251 1055 de
270 999 377 1058 Terrae
387 996 517 1062 motibus
531 1019 566 1057 ex
584 1000 650 1058 eod.
670 998 743 1057 titt.
759 1000 929 1079 Angelieae
945 1002 1036 1060 Rom.
1066 1002 1180 1060 Graece
1199 1001 1305 1070 edidit,

211 1101 386 1160 varietatem
410 1102 541 1160 lectiones
561 1113 590 1159 et
610 1113 790 1181 argumenta
810 1103 921 1162 adiecit
941 1103 1091 1163 Nicotaus
1118 1100 1227 1159 Schow
1246 1112 1305 1161 eto.

211 1200 337 1278 Lipsiae
353 1204 387 1260 in
407 1201 532 1263 librarlo
548 1204 767 1263 Weidmannia
789 1203 879 1280 1794,
900 1208 932 1269 8·
973 1204 1065 1269 huius
1078 1204 1219 1263 editionis
1233 1224 1307 1264 cen-

211 1319 299 1361 surae
315 1306 481 1383 complures
496 1316 617 1365 exstant
630 1306 783 1385 Erlonger
793 1306 1070 1387 Literatorzeitnog
1086 1304 1168 1369 1794
1181 1325 1213 1383 p-
1226 1305 1307 1370 542·

211 1400 270 1480 47,
298 1405 456 1486 Gittinger
476 1406 614 1466 Gelelrrte
628 1407 786 1485 Anzeigers
806 1407 885 1472 1794
901 1418 979 1488 part.
992 1411 1013 1472 2
1026 1428 1058 1487 p·
1077 1410 1306 1483 1273-1276,

211 1503 321 1562 somer
333 1507 608 1587 eccameong
622 1507 702 1570 1794
722 1508 835 1586 pass
858 1486 1096 1599 p.51'57517.
1138 1508 1178 1567 of.
1192 1508 1307 1588 Auge-

210 1607 320 1665 met‘nes
337 1608 545 1687 Repertors'um
564 1610 618 1667 der
631 1609 787 1665 Literatnr
796 1607 860 1687 fiir
874 1609 923 1666 die
939 1608 1033 1667 Ialrre
1052 1613 1130 1675 1791
1151 1608 1197 1668 bic
1213 1609 1308 1674 1795.

210 1706 315 1765 Ercter
329 1708 433 1768 Bane.
457 1712 545 1770 Erote
560 1710 686 1788 miste,
711 1708 851 1768 Μίνων
867 1711 965 1785 1799,
985 1729 1037 1769 no.
1050 1714 1125 1775 700.
1166 1709 1222 1771 sed
1235 1708 1307 1772 huis

211 1805 347 1884 editioni,
360 1813 416 1869 etsi
425 1809 459 1870 id
471 1810 721 1871 secundissimum
729 1808 837 1867 accidit
848 1820 882 1866 ut
894 1829 934 1867 ex
947 1811 1123 1869 auctoritate
1134 1814 1192 1870 viri
1206 1814 1306 1872 omni-

209 1909 267 1969 bus
295 1908 438 1974 doctrinis
469 1913 651 1973 ornatissimi
678 1907 735 1969 ch.
758 1911 838 1966 Dan.
857 1908 962 1969 Beckii
987 1915 1175 1991 vulgaretur,
1207 1915 1306 1995 isque,

209 2022 357 2094 quatenus
371 2034 426 2093 per
438 2026 642 2093 procuratores
660 2014 799 2071 librariae
813 2013 940 2086 licebat,
968 2032 1037 2072 suas
1057 2011 1181 2094 quidem
1203 2026 1305 2093 partes
1320 2041 1351 2096 p.
1363 2040 1437 2079 nrm

208 2116 360 2195 praeclare
377 2127 489 2194 ageret,
510 2127 623 2191 temen,
646 2116 723 2175 sicin
737 2112 931 2187 ostendimus,
954 2118 1185 2175 commentarius
1200 2128 1231 2176 et
1245 2137 1305 2177 no-

208 2227 276 2294 tae,
310 2219 496 2277 neocesariae
520 2220 592 2277 illae
623 2215 746 2297 quidam
776 2227 897 2296 propter
925 2199 1078 2274 rationem'
1094 2219 1304 2297 epitornarum,

208 2321 331 2381 omnino
353 2318 471 2380 desunt.
515 2340 593 2402 quae
611 2321 693 2378 enim
706 2317 808 2399 Lydus
832 2338 872 2375 ex
893 2326 936 2376 tot
957 2315 1082 2377 dirersis
1101 2321 1305 2381 voluminibus

209 2422 303 2497 eruit,
326 2440 362 2479 ea
384 2441 454 2481 cnm
465 2440 484 2480 a
496 2422 624 2481 librariis
636 2430 701 2479 tum
719 2439 736 2478 a
749 2420 966 2479 breviatoribus
980 2421 1084 2479 multis
1097 2420 1217 2481 mendis
1228 2420 1305 2481 adeo

209 2533 280 2584 suut
291 2521 431 2601 foedata,
460 2534 495 2584 nt
507 2536 625 2585 textum
640 2544 674 2581 ea
687 2520 879 2598 condicione,
901 2540 961 2602 qua
972 2541 1053 2582 nnnc
1068 2533 1128 2600 est,
1149 2524 1306 2602 perlegere
1322 2544 1326 2551 ·

209 2626 388 2707 singulaque
400 2628 433 2685 in
447 2647 483 2686 eo
497 2628 664 2706 intelligere
678 2644 767 2685 nemo
780 2644 851 2685 sane
865 2626 954 2682 facile
969 2625 1074 2703 possit.

293 2722 402 2805 Velut,
431 2740 465 2787 ut
477 2749 538 2789 uno
550 2729 623 2789 folio
639 2738 751 2787 temere
763 2738 881 2807 arrepto
898 2725 1117 2786 demonstretur
1132 2724 1213 2805 quod
1226 2724 1304 2783 dici·
1323 2726 1366 2789 27

210 2850 295 2905 mus,
326 2828 376 2890 ed.
393 2829 512 2891 Sohcw.
534 2842 610 2912 part.
630 2829 760 2894 4mens.
777 2831 896 2890 Octobr.
917 2850 944 2889 c.
961 2833 979 2893 1
1001 2849 1032 2908 p.
1049 2824 1110 2889 124
1131 2827 1220 2889 1111.ss
1235 2818 1305 2909 ujq.

209 2934 351 3012 legrurtur
368 2930 460 2993 haec:
489 2932 523 2997 ἐν
539 2937 584 3017 spi
597 2935 782 2995 ΒΟΤΣΤΙΩ
799 2925 882 3014 (οἷον
896 2930 929 2996 ἐν
946 2934 990 3016 spi
1003 2923 1184 3013 ὄψοπωλίφ)
1203 2928 1248 3003 εἰς
1259 2952 1305 2991 τε·

208 3032 273 3117 μεῖν
290 3035 429 3117 Τιβερίου
451 3034 483 3097 οἰ
502 3030 720 3115 σεβαοτοφόροε
741 3028 899 3115 ἐχόρευον·
930 3029 985 3096 του
1004 3028 1038 3094 δὲ
1055 3034 1194 3093 τοιοῦτον
1209 3024 1305 3093 τόπον

209 3137 243 3201 oi
262 3137 381 3200 stram
395 3127 586 3218 Αὕγούοτιον
608 3136 651 3214 (l.
668 3128 888 3215 Ariycvorriov)
908 3137 1062 3197 καλοῦσιν.
1105 3129 1208 3190 sedin
1224 3133 1305 3191 notis

210 3235 368 3299 nicoclis.
383 3235 432 3297 ed.
445 3240 521 3315 Reg.
537 3257 569 3317 p.
587 3238 647 3302 155
659 3239 722 3296 iarn
734 3239 871 3298 exstabat
887 3241 914 3296 is
931 3239 1014 3295 locus
1026 3233 1214 3293 anambecio
1230 3251 1303 3311 pro-

209 3342 307 3417 latur,
334 3340 436 3421 ibique
456 3349 535 3397 recte
555 3339 666 3415 legitur
686 3340 720 3401 ἐν
740 3345 783 3425 τῷ
799 3340 1031 3403 ΙὈΤΣΤΕΙΩε
1053 3332 1137 3418 quod
1149 3333 1305 3392 confirmat

210 3462 280 3502 cum
300 3442 366 3519 ipse
384 3424 514 3500 eodinus
533 3439 653 3520 Lydum
678 3442 850 3502 exscribens
874 3463 906 3521 p.
929 3442 969 3506 16
985 3458 1018 3499 c:
1048 3443 1088 3523 τῇ
1106 3433 1225 3519 πίμπτρ
1246 3436 1303 3496 τοῦ

208 3536 392 3622 Ὀκτυβρίου
411 3539 507 3624 μηνός
523 3537 663 3625 ἐχόρευον
683 3541 715 3606 oi
730 3538 922 3625 ρεγεονᾶρχαε
943 3530 983 3619 [Ἰ.
996 3530 1190 3622 insacia]
1209 3534 1242 3598 ἐν
1256 3539 1304 3620 cpi

211 3644 360 3729 Γουστείῳ
372 3640 470 3728 ἤγουν
481 3647 522 3727 τῷ
535 3635 715 3726 Quantis,
744 3644 790 3720 εἰς
808 3638 899 3724 τιμήν
919 3647 974 3705 τοῦ
995 3634 1207 3723 βασιλεύοντος
1225 3632 1303 3700 susci

210 3742 265 3811 rio
277 3740 402 3828 καιρόν·
422 3756 488 3805 tum
500 3744 608 3808 Suidss
631 3743 680 3804 ed.
691 3749 812 3806 lluster.
827 3757 900 3805 tom.
916 3746 934 3807 1
957 3765 989 3823 p.
1003 3745 1083 3821 377,
1114 3741 1170 3802 sub
1189 3760 1219 3798 v.
1232 3735 1303 3802 Aii-

209 3868 345 3933 γουστος.
391 3846 534 3907 Gnatium
554 3858 654 3907 autem
674 3849 737 3907 sive
761 3850 861 3907 forum
883 3849 1027 3907 cibarium
1046 3842 1121 3926 quid
1133 3843 1302 3902 fueritllu-

211 3952 335 4031 cangius
350 3948 437 4010 docet
451 3948 540 4028 cpoli
552 3946 729 4010 Christiana.
772 3952 874 4010 statim
894 3960 962 4029 post
987 3949 1043 4006 lin.
1067 3945 1122 4009 18:
1150 3945 1221 4030 moi
1246 3948 1303 4009 τοῦ
1318 3962 1347 4016 n·
1361 3962 1413 4001 ω

210 4054 337 4137 decolor
355 4051 451 4115 ἵππου
470 4044 672 4135 ὃΕοῖφορίυν
690 4051 767 4133 φησὶ
787 4057 896 4117 πλοῖον
916 4050 1059 4135 γενέσθαι
1080 4052 1144 4123 τοῖς
1158 4042 1303 4129 Ἓλλησιν

210 4154 306 4219 ἵππον
319 4146 482 4238 λεγόμενον
526 4149 622 4236 ἕτεροί
636 4172 711 4235 ροσε
729 4156 876 4218 ΠΟΛΙΝ
891 4150 1033 4237 γενέσθαι
1052 4144 1133 4214 οὕτω
1148 4169 1303 4235 προσαγο-

210 4255 378 4343 ρευομένην
392 4255 426 4321 ἐν
440 4259 481 4345 τῇ
497 4256 606 4342 Τροίᾳ,
637 4252 680 4322 δι’
700 4247 740 4339 ἧς
756 4257 905 4340 εἰσῆλθον
923 4251 1117 4336 οΐἝλληνες.
1158 4263 1188 4311 et
1205 4249 1304 4317 Scho-

210 4361 287 4421 wius
298 4360 361 4419 ints
375 4360 486 4442 pagina
497 4360 530 4421 in
545 4360 688 4421 lemmate
702 4356 793 4421 huius
807 4360 931 4440 capitis:
952 4368 1062 4440 equino
1077 4357 1225 4437 &graecam
1244 4375 1304 4432 per
