<?xml version="1.0" encoding="UTF-8"?>
<!DOCTYPE html PUBLIC "-//W3C//DTD XHTML 1.0 Transitional//EN"
    "http://www.w3.org/TR/xhtml1/DTD/xhtml1-transitional.dtd">
<html xmlns="http://www.w3.org/1999/xhtml" xml:lang="en" lang="en">
 <head>
  <title>
</title>
<meta http-equiv="Content-Type" content="text/html;charset=utf-8" />
  <meta name='ocr-system' content='tesseract 3.04.00' />
  <meta name='ocr-capabilities' content='ocr_page ocr_carea ocr_par ocr_line ocrx_word'/>
</head>
<body>
  <div class='ocr_page' id='page_1' title='image "./corpusscriptoru25theogoog_0337.png"; bbox 0 0 3125 4959; ppageno 0'>
   <div class='ocr_carea' id='block_1_1' title="bbox 400 435 1314 516">
    <p class='ocr_par' dir='ltr' id='par_1_1' title="bbox 400 435 1314 516">
     <span class='ocr_line' id='line_1_1' title="bbox 400 435 1314 516; baseline 0.011 -11"><span class='ocrx_word' id='word_1_1' title='bbox 400 438 457 505; x_wconf 84' lang='lat' dir='ltr'>DE</span> <span class='ocrx_word' id='word_1_2' title='bbox 481 435 817 505; x_wconf 70' lang='lat' dir='ltr'>memsrltrrtuus</span> <span class='ocrx_word' id='word_1_3' title='bbox 841 437 877 503; x_wconf 85' lang='lat' dir='ltr'>P.</span> <span class='ocrx_word' id='word_1_4' title='bbox 900 436 942 506; x_wconf 85' lang='lat' dir='ltr'>R.</span> <span class='ocrx_word' id='word_1_5' title='bbox 966 438 1045 507; x_wconf 79' lang='grc' dir='ltr'>ΠΒ.</span> <span class='ocrx_word' id='word_1_6' title='bbox 1058 437 1124 507; x_wconf 80' lang='lat' dir='ltr'>lli.</span> <span class='ocrx_word' id='word_1_7' title='bbox 1242 440 1314 516; x_wconf 74' lang='lat'>261</span> 
     </span>
    </p>
   </div>
   <div class='ocr_carea' id='block_1_2' title="bbox 179 588 1388 2963">
    <p class='ocr_par' dir='ltr' id='par_1_2' title="bbox 179 588 1388 2963">
     <span class='ocr_line' id='line_1_2' title="bbox 226 588 1315 707; baseline 0.001 -29"><span class='ocrx_word' id='word_1_8' title='bbox 226 620 343 695; x_wconf 87' lang='grc' dir='ltr'><strong><em>λαμπε·</em></strong></span> <span class='ocrx_word' id='word_1_9' title='bbox 368 616 422 677; x_wconf 82' lang='grc' dir='ltr'>νόν</span> <span class='ocrx_word' id='word_1_10' title='bbox 437 610 486 689; x_wconf 69' lang='grc' dir='ltr'>δέ,</span> <span class='ocrx_word' id='word_1_11' title='bbox 498 608 558 675; x_wconf 79' lang='grc' dir='ltr'><strong><em>’ὅτε</em></strong></span> <span class='ocrx_word' id='word_1_12' title='bbox 571 608 643 695; x_wconf 74' lang='grc' dir='ltr'><strong><em>οὐδὲ</em></strong></span> <span class='ocrx_word' id='word_1_13' title='bbox 656 606 753 692; x_wconf 85' lang='grc' dir='ltr'><strong><em>όνομα</em></strong></span> <span class='ocrx_word' id='word_1_14' title='bbox 765 605 846 676; x_wconf 73' lang='lat' dir='ltr'>iarn</span> <span class='ocrx_word' id='word_1_15' title='bbox 856 588 957 699; x_wconf 80' lang='grc' dir='ltr'><strong><em>ἐύρεῖν</em></strong></span> <span class='ocrx_word' id='word_1_16' title='bbox 969 616 1013 700; x_wconf 74' lang='grc' dir='ltr'><strong><em>τῷ</em></strong></span> <span class='ocrx_word' id='word_1_17' title='bbox 1027 609 1105 677; x_wconf 75' lang='grc' dir='ltr'><strong><em>καθ’</em></strong></span> <span class='ocrx_word' id='word_1_18' title='bbox 1120 610 1203 698; x_wconf 74' lang='grc' dir='ltr'><strong><em>ἡμᾶς</em></strong></span> <span class='ocrx_word' id='word_1_19' title='bbox 1212 610 1315 707; x_wconf 73' lang='grc' dir='ltr'><strong><em>χρόνῳ</em></strong></span> 
     </span>
     <span class='ocr_line' id='line_1_3' title="bbox 226 712 1314 807; baseline 0.004 -26"><span class='ocrx_word' id='word_1_20' title='bbox 226 715 340 801; x_wconf 79' lang='grc' dir='ltr'><strong><em>ἀρκοῦν</em></strong></span> <span class='ocrx_word' id='word_1_21' title='bbox 360 716 452 781; x_wconf 74' lang='lat' dir='ltr'>lurda</span> <span class='ocrx_word' id='word_1_22' title='bbox 473 740 505 779; x_wconf 86' lang='grc' dir='ltr'>αι</span> <span class='ocrx_word' id='word_1_23' title='bbox 527 712 584 797; x_wconf 72' lang='grc' dir='ltr'>τὴν</span> <span class='ocrx_word' id='word_1_24' title='bbox 599 714 630 778; x_wconf 74' lang='grc' dir='ltr'>δν</span> <span class='ocrx_word' id='word_1_25' title='bbox 645 712 729 803; x_wconf 72' lang='grc' dir='ltr'><strong><em>αύτῷ</em></strong></span> <span class='ocrx_word' id='word_1_26' title='bbox 741 716 933 802; x_wconf 70' lang='grc' dir='ltr'><strong><em>μοχθηρίαν,</em></strong></span> <span class='ocrx_word' id='word_1_27' title='bbox 952 713 1046 781; x_wconf 77' lang='grc' dir='ltr'><strong><em>είκοσι</em></strong></span> <span class='ocrx_word' id='word_1_28' title='bbox 1058 724 1184 803; x_wconf 85' lang='grc' dir='ltr'><strong><em>χρνσών</em></strong></span> <span class='ocrx_word' id='word_1_29' title='bbox 1197 716 1314 807; x_wconf 75' lang='grc' dir='ltr'><strong><em>ἴκριναν</em></strong></span> 
     </span>
     <span class='ocr_line' id='line_1_4' title="bbox 225 814 1315 906; baseline 0.002 -21"><span class='ocrx_word' id='word_1_30' title='bbox 225 815 614 901; x_wconf 75' lang='grc' dir='ltr'><strong><em>αύτοῖς-ἀποδίδοσθαιτῆν</em></strong></span> <span class='ocrx_word' id='word_1_31' title='bbox 623 819 841 906; x_wconf 79' lang='grc' dir='ltr'><strong><em>προβατορίαν.</em></strong></span> <span class='ocrx_word' id='word_1_32' title='bbox 875 814 1106 903; x_wconf 70' lang='grc' dir='ltr'><strong><em>ώςδέἕχνωσαν</em></strong></span> <span class='ocrx_word' id='word_1_33' title='bbox 1116 820 1315 903; x_wconf 79' lang='grc' dir='ltr'><strong><em>μηδίνατολ-</em></strong></span> 
     </span>
     <span class='ocr_line' id='line_1_5' title="bbox 224 916 1315 1013; baseline 0.005 -28"><span class='ocrx_word' id='word_1_34' title='bbox 224 928 305 1004; x_wconf 82' lang='grc' dir='ltr'><strong><em>μᾶν,</em></strong></span> <span class='ocrx_word' id='word_1_35' title='bbox 330 926 445 1006; x_wconf 79' lang='grc' dir='ltr'><strong><em>μᾶλλον</em></strong></span> <span class='ocrx_word' id='word_1_36' title='bbox 461 920 496 985; x_wconf 71' lang='grc' dir='ltr'>δὲ</span> <span class='ocrx_word' id='word_1_37' title='bbox 510 918 554 1004; x_wconf 77' lang='grc' dir='ltr'>μὴ</span> <span class='ocrx_word' id='word_1_38' title='bbox 572 917 649 1003; x_wconf 73' lang='grc' dir='ltr'><strong><em>ἔχειν</em></strong></span> <span class='ocrx_word' id='word_1_39' title='bbox 665 916 812 986; x_wconf 93' lang='grc' dir='ltr'><strong><em>τοσούτου</em></strong></span> <span class='ocrx_word' id='word_1_40' title='bbox 830 918 989 1009; x_wconf 77' lang='grc' dir='ltr'><strong><em>χρήματος</em></strong></span> <span class='ocrx_word' id='word_1_41' title='bbox 1004 924 1210 1011; x_wconf 74' lang='grc' dir='ltr'><strong><em>προβατορίαν</em></strong></span> <span class='ocrx_word' id='word_1_42' title='bbox 1225 925 1315 1013; x_wconf 79' lang='grc' dir='ltr'><strong><em>πυρί·</em></strong></span> 
     </span>
     <span class='ocr_line' id='line_1_6' title="bbox 200 1021 1316 1113; baseline -0.002 -20"><span class='ocrx_word' id='word_1_43' title='bbox 200 1028 348 1105; x_wconf 74' lang='grc' dir='ltr'><strong><em>ὄζεσθαι,</em></strong></span> <span class='ocrx_word' id='word_1_44' title='bbox 373 1022 467 1091; x_wconf 90' lang='grc' dir='ltr'><strong><em>τύπον</em></strong></span> <span class='ocrx_word' id='word_1_45' title='bbox 488 1022 697 1111; x_wconf 77' lang='grc' dir='ltr'><strong><em>πραγματικὸν</em></strong></span> <span class='ocrx_word' id='word_1_46' title='bbox 721 1022 840 1101; x_wconf 73' lang='grc' dir='ltr'><strong><em>ἑαυτοῖς</em></strong></span> <span class='ocrx_word' id='word_1_47' title='bbox 862 1021 1043 1108; x_wconf 80' lang='grc' dir='ltr'><strong><em>ίξεμύζησαν</em></strong></span> <span class='ocrx_word' id='word_1_48' title='bbox 1065 1028 1172 1109; x_wconf 80' lang='grc' dir='ltr'><strong><em>μηδενὶ</em></strong></span> <span class='ocrx_word' id='word_1_49' title='bbox 1197 1051 1316 1113; x_wconf 82' lang='grc' dir='ltr'><strong><em>συγχω-</em></strong></span> 
     </span>
     <span class='ocr_line' id='line_1_7' title="bbox 224 1123 1316 1218; baseline -0.001 -24"><span class='ocrx_word' id='word_1_50' title='bbox 224 1134 335 1215; x_wconf 74' lang='grc' dir='ltr'><strong><em>ροῦντα</em></strong></span> <span class='ocrx_word' id='word_1_51' title='bbox 355 1123 542 1215; x_wconf 76' lang='grc' dir='ltr'><strong><em>γραμμάτων</em></strong></span> <span class='ocrx_word' id='word_1_52' title='bbox 557 1125 628 1192; x_wconf 84' lang='grc' dir='ltr'><strong><em>ἀνευ</em></strong></span> <span class='ocrx_word' id='word_1_53' title='bbox 641 1132 808 1209; x_wconf 78' lang='grc' dir='ltr'><strong><em>βασιλικῶν</em></strong></span> <span class='ocrx_word' id='word_1_54' title='bbox 825 1127 873 1191; x_wconf 74' lang='lat' dir='ltr'>tut</span> <span class='ocrx_word' id='word_1_55' title='bbox 891 1127 1051 1215; x_wconf 82' lang='grc' dir='ltr'><strong><em>στρατείαν</em></strong></span> <span class='ocrx_word' id='word_1_56' title='bbox 1064 1123 1123 1194; x_wconf 73' lang='lat' dir='ltr'>dut</span> <span class='ocrx_word' id='word_1_57' title='bbox 1141 1138 1206 1208; x_wconf 77' lang='grc' dir='ltr'><strong><em>τοῖς</em></strong></span> <span class='ocrx_word' id='word_1_58' title='bbox 1221 1127 1316 1218; x_wconf 75' lang='grc' dir='ltr'><strong><em>ἐπάρ-</em></strong></span> 
     </span>
     <span class='ocr_line' id='line_1_8' title="bbox 219 1226 1316 1320; baseline 0.003 -25"><span class='ocrx_word' id='word_1_59' title='bbox 219 1255 288 1315; x_wconf 82' lang='grc' dir='ltr'><strong><em>χοις</em></strong></span> <span class='ocrx_word' id='word_1_60' title='bbox 308 1233 483 1313; x_wconf 70' lang='grc' dir='ltr'>διαβαίνειν.</span> <span class='ocrx_word' id='word_1_61' title='bbox 533 1228 569 1295; x_wconf 87' lang='grc' dir='ltr'><strong><em>τδ</em></strong></span> <span class='ocrx_word' id='word_1_62' title='bbox 590 1230 624 1295; x_wconf 72' lang='grc' dir='ltr'>δὲ</span> <span class='ocrx_word' id='word_1_63' title='bbox 645 1228 717 1296; x_wconf 86' lang='grc' dir='ltr'><strong><em>δλον</em></strong></span> <span class='ocrx_word' id='word_1_64' title='bbox 735 1228 813 1317; x_wconf 90' lang='grc' dir='ltr'><strong><em>πρδς</em></strong></span> <span class='ocrx_word' id='word_1_65' title='bbox 828 1230 950 1314; x_wconf 78' lang='grc' dir='ltr'><strong><em>ἀτιμίας</em></strong></span> <span class='ocrx_word' id='word_1_66' title='bbox 965 1226 1126 1318; x_wconf 64' lang='grc' dir='ltr'><strong><em>ἐπράττετο</em></strong></span> <span class='ocrx_word' id='word_1_67' title='bbox 1139 1237 1194 1316; x_wconf 79' lang='grc' dir='ltr'>τῆς</span> <span class='ocrx_word' id='word_1_68' title='bbox 1210 1232 1316 1320; x_wconf 81' lang='grc' dir='ltr'><strong><em>ἀρχῆς,</em></strong></span> 
     </span>
     <span class='ocr_line' id='line_1_9' title="bbox 222 1330 1317 1423; baseline 0.003 -25"><span class='ocrx_word' id='word_1_69' title='bbox 222 1340 278 1398; x_wconf 76' lang='grc' dir='ltr'><strong><em>τοῦ</em></strong></span> <span class='ocrx_word' id='word_1_70' title='bbox 298 1332 393 1417; x_wconf 77' lang='grc' dir='ltr'><strong><em>νόριον</em></strong></span> <span class='ocrx_word' id='word_1_71' title='bbox 406 1330 512 1411; x_wconf 81' lang='grc' dir='ltr'><strong><em>δόντος</em></strong></span> <span class='ocrx_word' id='word_1_72' title='bbox 528 1332 677 1399; x_wconf 72' lang='grc' dir='ltr'><strong><em>ἀνίκαθεν</em></strong></span> <span class='ocrx_word' id='word_1_73' title='bbox 694 1332 773 1422; x_wconf 81' lang='grc' dir='ltr'><strong><em>αύτῇ</em></strong></span> <span class='ocrx_word' id='word_1_74' title='bbox 788 1332 832 1398; x_wconf 79' lang='grc' dir='ltr'>δι’</span> <span class='ocrx_word' id='word_1_75' title='bbox 850 1335 966 1400; x_wconf 69' lang='grc' dir='ltr'><strong><em>οἰκείων</em></strong></span> <span class='ocrx_word' id='word_1_76' title='bbox 977 1330 1096 1421; x_wconf 74' lang='grc' dir='ltr'><strong><em>ψήφων</em></strong></span> <span class='ocrx_word' id='word_1_77' title='bbox 1110 1332 1163 1413; x_wconf 79' lang='grc' dir='ltr'><strong><em>οδς</em></strong></span> <span class='ocrx_word' id='word_1_78' title='bbox 1176 1332 1213 1400; x_wconf 86' lang='grc' dir='ltr'>ἀν</span> <span class='ocrx_word' id='word_1_79' title='bbox 1224 1336 1317 1423; x_wconf 59' lang='lat' dir='ltr'>tert„</span> 
     </span>
     <span class='ocr_line' id='line_1_10' title="bbox 222 1433 1318 1525; baseline 0.002 -24"><span class='ocrx_word' id='word_1_80' title='bbox 222 1446 286 1512; x_wconf 86' lang='grc' dir='ltr'><strong><em>τοῖς</em></strong></span> <span class='ocrx_word' id='word_1_81' title='bbox 316 1433 525 1525; x_wconf 76' lang='grc' dir='ltr'><strong><em>ταχνχράφοις</em></strong></span> <span class='ocrx_word' id='word_1_82' title='bbox 555 1442 610 1502; x_wconf 80' lang='grc' dir='ltr'><strong><em>τού</em></strong></span> <span class='ocrx_word' id='word_1_83' title='bbox 641 1438 837 1525; x_wconf 73' lang='grc' dir='ltr'><strong><em>δικαστηρίω</em></strong></span> <span class='ocrx_word' id='word_1_84' title='bbox 864 1442 1079 1524; x_wconf 75' lang='grc' dir='ltr'><strong><em>σνναριθμεῖν·</em></strong></span> <span class='ocrx_word' id='word_1_85' title='bbox 1111 1441 1163 1502; x_wconf 80' lang='grc' dir='ltr'>καί</span> <span class='ocrx_word' id='word_1_86' title='bbox 1186 1438 1318 1516; x_wconf 84' lang='grc' dir='ltr'><strong><em>πολλούς</em></strong></span> 
     </span>
     <span class='ocr_line' id='line_1_11' title="bbox 183 1536 1319 1629; baseline 0 -24"><span class='ocrx_word' id='word_1_87' title='bbox 183 1550 215 1605; x_wconf 82' lang='grc'>10</span> <span class='ocrx_word' id='word_1_88' title='bbox 224 1538 316 1616; x_wconf 77' lang='grc' dir='ltr'><strong><em>αὐτὸς</em></strong></span> <span class='ocrx_word' id='word_1_89' title='bbox 331 1540 493 1622; x_wconf 73' lang='lat' dir='ltr'>intormem</span> <span class='ocrx_word' id='word_1_90' title='bbox 514 1538 574 1604; x_wconf 87' lang='grc' dir='ltr'><strong><em>ἀπό</em></strong></span> <span class='ocrx_word' id='word_1_91' title='bbox 596 1540 755 1619; x_wconf 81' lang='grc' dir='ltr'><strong><em>διαλαλιάς</em></strong></span> <span class='ocrx_word' id='word_1_92' title='bbox 773 1541 1067 1628; x_wconf 68' lang='grc' dir='ltr'><strong><em>στρατευσαμένους,</em></strong></span> <span class='ocrx_word' id='word_1_93' title='bbox 1090 1536 1319 1629; x_wconf 85' lang='grc' dir='ltr'><strong><em>διαπρίψαντάς</em></strong></span> 
     </span>
     <span class='ocr_line' id='line_1_12' title="bbox 221 1634 1317 1727; baseline -0.001 -19"><span class='ocrx_word' id='word_1_94' title='bbox 221 1668 254 1708; x_wconf 83' lang='grc' dir='ltr'><strong><em>τε</em></strong></span> <span class='ocrx_word' id='word_1_95' title='bbox 271 1641 336 1724; x_wconf 78' lang='grc' dir='ltr'>ἅμα</span> <span class='ocrx_word' id='word_1_96' title='bbox 352 1646 402 1707; x_wconf 78' lang='grc' dir='ltr'>καί</span> <span class='ocrx_word' id='word_1_97' title='bbox 417 1643 473 1725; x_wconf 76' lang='grc' dir='ltr'>τὴν</span> <span class='ocrx_word' id='word_1_98' title='bbox 489 1640 585 1726; x_wconf 74' lang='grc' dir='ltr'><strong><em>ζώνην</em></strong></span> <span class='ocrx_word' id='word_1_99' title='bbox 599 1642 724 1727; x_wconf 82' lang='grc' dir='ltr'><strong><em>ίντίμως</em></strong></span> <span class='ocrx_word' id='word_1_100' title='bbox 742 1642 960 1726; x_wconf 71' lang='grc' dir='ltr'><strong><em>ἀποθεμένους.</em></strong></span> <span class='ocrx_word' id='word_1_101' title='bbox 1009 1646 1060 1708; x_wconf 75' lang='grc' dir='ltr'>καὶ</span> <span class='ocrx_word' id='word_1_102' title='bbox 1076 1642 1189 1727; x_wconf 88' lang='grc' dir='ltr'><strong><em>ταύτης</em></strong></span> <span class='ocrx_word' id='word_1_103' title='bbox 1206 1642 1246 1727; x_wconf 78' lang='grc' dir='ltr'>δὴ</span> <span class='ocrx_word' id='word_1_104' title='bbox 1262 1634 1317 1708; x_wconf 76' lang='lat' dir='ltr'>oris</span> 
     </span>
     <span class='ocr_line' id='line_1_13' title="bbox 221 1742 1317 1835; baseline 0.003 -27"><span class='ocrx_word' id='word_1_105' title='bbox 221 1750 277 1828; x_wconf 77' lang='grc' dir='ltr'>τῆς</span> <span class='ocrx_word' id='word_1_106' title='bbox 299 1742 374 1810; x_wconf 78' lang='grc' dir='ltr'><strong><em>ὁδοῦ</em></strong></span> <span class='ocrx_word' id='word_1_107' title='bbox 394 1745 429 1812; x_wconf 84' lang='grc' dir='ltr'><strong><em>τό</em></strong></span> <span class='ocrx_word' id='word_1_108' title='bbox 450 1746 557 1811; x_wconf 83' lang='grc' dir='ltr'><strong><em>λοιπόν</em></strong></span> <span class='ocrx_word' id='word_1_109' title='bbox 572 1746 779 1835; x_wconf 78' lang='grc' dir='ltr'><strong><em>σχολαζούσης</em></strong></span> <span class='ocrx_word' id='word_1_110' title='bbox 797 1749 838 1825; x_wconf 81' lang='grc' dir='ltr'><strong><em>είς</em></strong></span> <span class='ocrx_word' id='word_1_111' title='bbox 852 1752 982 1830; x_wconf 81' lang='grc' dir='ltr'><strong><em>παντελῆ</em></strong></span> <span class='ocrx_word' id='word_1_112' title='bbox 995 1748 1160 1830; x_wconf 78' lang='grc' dir='ltr'><strong><em>δυστυχίαν</em></strong></span> <span class='ocrx_word' id='word_1_113' title='bbox 1170 1745 1264 1829; x_wconf 76' lang='grc' dir='ltr'><strong><em>ἤλασε</em></strong></span> <span class='ocrx_word' id='word_1_114' title='bbox 1278 1743 1317 1811; x_wconf 86' lang='grc' dir='ltr'><strong><em>τδ</em></strong></span> 
     </span>
     <span class='ocr_line' id='line_1_14' title="bbox 221 1846 1318 1938; baseline -0.001 -25"><span class='ocrx_word' id='word_1_115' title='bbox 221 1854 278 1932; x_wconf 77' lang='grc' dir='ltr'>τῆς</span> <span class='ocrx_word' id='word_1_116' title='bbox 297 1848 426 1927; x_wconf 80' lang='grc' dir='ltr'><strong><em>τάξεως,</em></strong></span> <span class='ocrx_word' id='word_1_117' title='bbox 447 1849 483 1915; x_wconf 83' lang='grc' dir='ltr'><strong><em>τὸ</em></strong></span> <span class='ocrx_word' id='word_1_118' title='bbox 499 1850 534 1915; x_wconf 78' lang='grc' dir='ltr'>δὲ</span> <span class='ocrx_word' id='word_1_119' title='bbox 546 1854 606 1915; x_wconf 84' lang='grc' dir='ltr'>τῶν</span> <span class='ocrx_word' id='word_1_120' title='bbox 620 1852 813 1934; x_wconf 73' lang='grc' dir='ltr'><strong><em>καλουμένων</em></strong></span> <span class='ocrx_word' id='word_1_121' title='bbox 829 1852 1092 1938; x_wconf 85' lang='grc' dir='ltr'><strong><em>ματρικονλαρίων</em></strong></span> <span class='ocrx_word' id='word_1_122' title='bbox 1106 1846 1227 1936; x_wconf 75' lang='grc' dir='ltr'><strong><em>ῥιζόθεν</em></strong></span> <span class='ocrx_word' id='word_1_123' title='bbox 1242 1848 1318 1913; x_wconf 85' lang='grc' dir='ltr'><strong><em>ἀνα·</em></strong></span> 
     </span>
     <span class='ocr_line' id='line_1_15' title="bbox 221 1948 1318 2040; baseline 0.001 -25"><span class='ocrx_word' id='word_1_124' title='bbox 221 1954 362 2017; x_wconf 69' lang='grc' dir='ltr'><strong><em>σπαπδδν</em></strong></span> <span class='ocrx_word' id='word_1_125' title='bbox 380 1951 475 2018; x_wconf 85' lang='grc' dir='ltr'><strong><em>όλωλε</em></strong></span> <span class='ocrx_word' id='word_1_126' title='bbox 495 1949 678 2040; x_wconf 82' lang='grc' dir='ltr'><strong><em>φρόντισμα.</em></strong></span> <span class='ocrx_word' id='word_1_127' title='bbox 728 1955 779 2019; x_wconf 81' lang='grc' dir='ltr'>καί</span> <span class='ocrx_word' id='word_1_128' title='bbox 801 1954 834 2021; x_wconf 93' lang='grc' dir='ltr'><strong><em>τί</em></strong></span> <span class='ocrx_word' id='word_1_129' title='bbox 856 1955 948 2038; x_wconf 69' lang='grc' dir='ltr'><strong><em>λέγω,</em></strong></span> <span class='ocrx_word' id='word_1_130' title='bbox 977 1949 1217 2019; x_wconf 74' lang='grc' dir='ltr'><strong><em>αὐτῶνπάντων</em></strong></span> <span class='ocrx_word' id='word_1_131' title='bbox 1235 1948 1318 2017; x_wconf 73' lang='grc' dir='ltr'><strong><em>καθ’</em></strong></span> 
     </span>
     <span class='ocr_line' id='line_1_16' title="bbox 182 2051 1320 2147; baseline 0.002 -29"><span class='ocrx_word' id='word_1_132' title='bbox 182 2062 215 2118; x_wconf 79' lang='grc'>16</span> <span class='ocrx_word' id='word_1_133' title='bbox 224 2051 343 2137; x_wconf 76' lang='grc' dir='ltr'><strong><em>ὁμαλοῦ</em></strong></span> <span class='ocrx_word' id='word_1_134' title='bbox 360 2054 439 2138; x_wconf 82' lang='grc' dir='ltr'><strong><em>μετὰ</em></strong></span> <span class='ocrx_word' id='word_1_135' title='bbox 457 2055 492 2121; x_wconf 82' lang='grc' dir='ltr'><strong><em>τὸ</em></strong></span> <span class='ocrx_word' id='word_1_136' title='bbox 513 2060 566 2141; x_wconf 79' lang='grc' dir='ltr'>τῆς</span> <span class='ocrx_word' id='word_1_137' title='bbox 586 2057 745 2145; x_wconf 86' lang='grc' dir='ltr'><strong><em>στρατείας</em></strong></span> <span class='ocrx_word' id='word_1_138' title='bbox 759 2056 855 2145; x_wconf 81' lang='grc' dir='ltr'><strong><em>πίρας</em></strong></span> <span class='ocrx_word' id='word_1_139' title='bbox 869 2056 901 2121; x_wconf 83' lang='grc' dir='ltr'>ίν</span> <span class='ocrx_word' id='word_1_140' title='bbox 916 2056 1029 2147; x_wconf 73' lang='grc' dir='ltr'><strong><em>ἀπορίᾳ</em></strong></span> <span class='ocrx_word' id='word_1_141' title='bbox 1046 2057 1158 2147; x_wconf 69' lang='grc' dir='ltr'><strong><em>αἰσχρᾷ</em></strong></span> <span class='ocrx_word' id='word_1_142' title='bbox 1170 2051 1320 2142; x_wconf 82' lang='grc' dir='ltr'><strong><em>ύδννηρδν</em></strong></span> 
     </span>
     <span class='ocr_line' id='line_1_17' title="bbox 220 2150 1318 2248; baseline 0 -27"><span class='ocrx_word' id='word_1_143' title='bbox 220 2157 274 2221; x_wconf 82' lang='grc' dir='ltr'>τόν</span> <span class='ocrx_word' id='word_1_144' title='bbox 298 2158 403 2223; x_wconf 82' lang='grc' dir='ltr'><strong><em>λοιπόν</em></strong></span> <span class='ocrx_word' id='word_1_145' title='bbox 423 2166 478 2242; x_wconf 82' lang='grc' dir='ltr'>τῆς</span> <span class='ocrx_word' id='word_1_146' title='bbox 500 2162 578 2243; x_wconf 78' lang='grc' dir='ltr'><strong><em>ζωῆς</em></strong></span> <span class='ocrx_word' id='word_1_147' title='bbox 597 2158 709 2248; x_wconf 85' lang='grc' dir='ltr'><strong><em>χρόνον</em></strong></span> <span class='ocrx_word' id='word_1_148' title='bbox 731 2156 988 2248; x_wconf 76' lang='grc' dir='ltr'><strong><em>παρασορόντωνς</em></strong></span> <span class='ocrx_word' id='word_1_149' title='bbox 1010 2159 1066 2243; x_wconf 77' lang='grc' dir='ltr'>τὴν</span> <span class='ocrx_word' id='word_1_150' title='bbox 1085 2150 1140 2225; x_wconf 83' lang='grc' dir='ltr'>οάν</span> <span class='ocrx_word' id='word_1_151' title='bbox 1157 2157 1318 2245; x_wconf 87' lang='grc' dir='ltr'><strong><em>στρατείαν</em></strong></span> 
     </span>
     <span class='ocr_line' id='line_1_18' title="bbox 220 2248 1319 2350; baseline 0.001 -27"><span class='ocrx_word' id='word_1_152' title='bbox 220 2261 379 2344; x_wconf 72' lang='grc' dir='ltr'><strong><em>ἀπεδόμην</em></strong></span> <span class='ocrx_word' id='word_1_153' title='bbox 394 2260 621 2347; x_wconf 88' lang='grc' dir='ltr'><strong><em>τεσσαράκοντα</em></strong></span> <span class='ocrx_word' id='word_1_154' title='bbox 639 2264 795 2341; x_wconf 75' lang='grc' dir='ltr'><strong><em>δνιαντούς</em></strong></span> <span class='ocrx_word' id='word_1_155' title='bbox 811 2248 1037 2350; x_wconf 82' lang='grc' dir='ltr'><strong><em>προσεδρεύσας</em></strong></span> <span class='ocrx_word' id='word_1_156' title='bbox 1051 2263 1104 2328; x_wconf 84' lang='grc' dir='ltr'>καί</span> <span class='ocrx_word' id='word_1_157' title='bbox 1120 2263 1215 2345; x_wconf 74' lang='grc' dir='ltr'><strong><em>μηδὲν</em></strong></span> <span class='ocrx_word' id='word_1_158' title='bbox 1233 2257 1319 2348; x_wconf 85' lang='grc' dir='ltr'><strong><em>παρδ</em></strong></span> 
     </span>
     <span class='ocr_line' id='line_1_19' title="bbox 220 2361 1319 2452; baseline 0 -25"><span class='ocrx_word' id='word_1_159' title='bbox 220 2362 277 2445; x_wconf 82' lang='grc' dir='ltr'>τὴν</span> <span class='ocrx_word' id='word_1_160' title='bbox 299 2366 470 2443; x_wconf 66' lang='grc' dir='ltr'><strong><em>ἐπωνυμίαν</em></strong></span> <span class='ocrx_word' id='word_1_161' title='bbox 493 2371 548 2429; x_wconf 88' lang='grc' dir='ltr'><strong><em>τοῦ</em></strong></span> <span class='ocrx_word' id='word_1_162' title='bbox 571 2362 775 2452; x_wconf 81' lang='grc' dir='ltr'><strong><em>πληρώματος</em></strong></span> <span class='ocrx_word' id='word_1_163' title='bbox 790 2363 1036 2451; x_wconf 80' lang='grc' dir='ltr'><strong><em>ἀπενεγκάμενος.</em></strong></span> <span class='ocrx_word' id='word_1_164' title='bbox 1087 2366 1140 2429; x_wconf 80' lang='grc' dir='ltr'>καί</span> <span class='ocrx_word' id='word_1_165' title='bbox 1154 2361 1247 2429; x_wconf 87' lang='grc' dir='ltr'><strong><em>καλδν</em></strong></span> <span class='ocrx_word' id='word_1_166' title='bbox 1263 2364 1319 2447; x_wconf 70' lang='grc' dir='ltr'>μὲν</span> 
     </span>
     <span class='ocr_line' id='line_1_20' title="bbox 221 2464 1319 2557; baseline 0.001 -28"><span class='ocrx_word' id='word_1_167' title='bbox 221 2466 418 2554; x_wconf 80' lang='grc' dir='ltr'><strong><em>ἀναχωρῆσαι</em></strong></span> <span class='ocrx_word' id='word_1_168' title='bbox 439 2465 474 2529; x_wconf 73' lang='lat' dir='ltr'>rel</span> <span class='ocrx_word' id='word_1_169' title='bbox 493 2465 599 2531; x_wconf 84' lang='grc' dir='ltr'><strong><em>λοιπόν</em></strong></span> <span class='ocrx_word' id='word_1_170' title='bbox 614 2472 704 2551; x_wconf 77' lang='grc' dir='ltr'><strong><em>τῆσδε</em></strong></span> <span class='ocrx_word' id='word_1_171' title='bbox 721 2476 776 2552; x_wconf 76' lang='grc' dir='ltr'>τῆς</span> <span class='ocrx_word' id='word_1_172' title='bbox 792 2469 980 2557; x_wconf 76' lang='grc' dir='ltr'><strong><em>τραγῳδίας,</em></strong></span> <span class='ocrx_word' id='word_1_173' title='bbox 1000 2464 1182 2554; x_wconf 80' lang='grc' dir='ltr'><strong><em>ἀποχρώσης</em></strong></span> <span class='ocrx_word' id='word_1_174' title='bbox 1196 2472 1252 2549; x_wconf 77' lang='grc' dir='ltr'>τῆς</span> <span class='ocrx_word' id='word_1_175' title='bbox 1268 2466 1319 2531; x_wconf 76' lang='grc' dir='ltr'>λκ-</span> 
     </span>
     <span class='ocr_line' id='line_1_21' title="bbox 179 2566 1320 2656; baseline 0.004 -29"><span class='ocrx_word' id='word_1_176' title='bbox 179 2566 341 2648; x_wconf 64' lang='grc' dir='ltr'><strong><em>νθβάσεως</em></strong></span> <span class='ocrx_word' id='word_1_177' title='bbox 359 2570 505 2643; x_wconf 71' lang='grc' dir='ltr'><strong><em>ἐπιδείξαι</em></strong></span> <span class='ocrx_word' id='word_1_178' title='bbox 529 2569 585 2650; x_wconf 79' lang='grc' dir='ltr'>τὴν</span> <span class='ocrx_word' id='word_1_179' title='bbox 605 2568 772 2653; x_wconf 76' lang='grc' dir='ltr'><strong><em>ἀλήθειαν·</em></strong></span> <span class='ocrx_word' id='word_1_180' title='bbox 798 2570 877 2655; x_wconf 77' lang='grc' dir='ltr'><strong><em>πλὴν</em></strong></span> <span class='ocrx_word' id='word_1_181' title='bbox 897 2574 948 2636; x_wconf 77' lang='grc' dir='ltr'>καὶ</span> <span class='ocrx_word' id='word_1_182' title='bbox 971 2569 1065 2653; x_wconf 87' lang='grc' dir='ltr'><strong><em>άλλης</em></strong></span> <span class='ocrx_word' id='word_1_183' title='bbox 1080 2575 1193 2656; x_wconf 80' lang='grc' dir='ltr'><strong><em>χρῆναι</em></strong></span> <span class='ocrx_word' id='word_1_184' title='bbox 1208 2568 1320 2651; x_wconf 82' lang='grc' dir='ltr'><strong><em>νομίζω</em></strong></span> 
     </span>
     <span class='ocr_line' id='line_1_22' title="bbox 220 2667 629 2757; baseline 0.005 -24"><span class='ocrx_word' id='word_1_185' title='bbox 220 2667 405 2757; x_wconf 74' lang='grc' dir='ltr'><strong><em>ἀφηγήσεως</em></strong></span> <span class='ocrx_word' id='word_1_186' title='bbox 416 2668 574 2753; x_wconf 71' lang='grc' dir='ltr'><strong><em>ἅψασθαι.</em></strong></span> <span class='ocrx_word' id='word_1_187' title='bbox 628 2729 629 2735; x_wconf 74' lang='grc'><strong><em>,</em></strong></span> 
     </span>
     <span class='ocr_line' id='line_1_23' title="bbox 324 2759 1388 2859; baseline -0.004 -20"><span class='ocrx_word' id='word_1_188' title='bbox 324 2770 383 2839; x_wconf 87' lang='grc'>68.</span> <span class='ocrx_word' id='word_1_189' title='bbox 434 2771 542 2855; x_wconf 82' lang='grc' dir='ltr'><strong><em>Νόμος</em></strong></span> <span class='ocrx_word' id='word_1_190' title='bbox 567 2773 696 2859; x_wconf 84' lang='grc' dir='ltr'><strong><em>ἀρχαῖος</em></strong></span> <span class='ocrx_word' id='word_1_191' title='bbox 719 2764 758 2856; x_wconf 76' lang='grc' dir='ltr'>ἦν</span> <span class='ocrx_word' id='word_1_192' title='bbox 780 2768 881 2840; x_wconf 89' lang='grc' dir='ltr'><strong><em>πάντα</em></strong></span> <span class='ocrx_word' id='word_1_193' title='bbox 904 2772 961 2857; x_wconf 73' lang='grc' dir='ltr'>μὲν</span> <span class='ocrx_word' id='word_1_194' title='bbox 976 2771 1016 2840; x_wconf 82' lang='grc' dir='ltr'><strong><em>τά</em></strong></span> <span class='ocrx_word' id='word_1_195' title='bbox 1030 2768 1171 2840; x_wconf 83' lang='grc' dir='ltr'><strong><em>όπωσούν</em></strong></span> <span class='ocrx_word' id='word_1_196' title='bbox 1185 2764 1320 2858; x_wconf 83' lang='grc' dir='ltr'><strong><em>πραττό-</em></strong></span> <span class='ocrx_word' id='word_1_197' title='bbox 1383 2759 1388 2767; x_wconf 52' lang='grc'>’</span> 
     </span>
     <span class='ocr_line' id='line_1_24' title="bbox 221 2873 1320 2963; baseline 0.001 -25"><span class='ocrx_word' id='word_1_198' title='bbox 221 2900 299 2958; x_wconf 74' lang='lat' dir='ltr'>peta</span> <span class='ocrx_word' id='word_1_199' title='bbox 323 2874 407 2959; x_wconf 83' lang='grc' dir='ltr'><strong><em>παρά</em></strong></span> <span class='ocrx_word' id='word_1_200' title='bbox 426 2884 490 2951; x_wconf 84' lang='grc' dir='ltr'><strong><em>τοῖς</em></strong></span> <span class='ocrx_word' id='word_1_201' title='bbox 509 2873 652 2962; x_wconf 72' lang='grc' dir='ltr'><strong><em>ἐπάρχοις</em></strong></span> <span class='ocrx_word' id='word_1_202' title='bbox 657 2923 668 2955; x_wconf 93' lang='grc'><strong><em>,</em></strong></span> <span class='ocrx_word' id='word_1_203' title='bbox 693 2874 774 2960; x_wconf 87' lang='grc' dir='ltr'><strong><em>τάχα</em></strong></span> <span class='ocrx_word' id='word_1_204' title='bbox 798 2878 831 2942; x_wconf 71' lang='grc' dir='ltr'>δὲ</span> <span class='ocrx_word' id='word_1_205' title='bbox 854 2879 905 2941; x_wconf 73' lang='grc' dir='ltr'>καὶ</span> <span class='ocrx_word' id='word_1_206' title='bbox 927 2885 994 2953; x_wconf 77' lang='grc' dir='ltr'><strong><em>ταῖς</em></strong></span> <span class='ocrx_word' id='word_1_207' title='bbox 1008 2874 1116 2953; x_wconf 87' lang='grc' dir='ltr'><strong><em>άλλαις</em></strong></span> <span class='ocrx_word' id='word_1_208' title='bbox 1128 2880 1190 2942; x_wconf 86' lang='grc' dir='ltr'>τών</span> <span class='ocrx_word' id='word_1_209' title='bbox 1206 2874 1320 2963; x_wconf 79' lang='grc' dir='ltr'><strong><em>ἀρχῶν,</em></strong></span> 
     </span>
    </p>
   </div>
   <div class='ocr_carea' id='block_1_3' title="bbox 289 3041 861 3154">
    <p class='ocr_par' dir='ltr' id='par_1_3' title="bbox 289 3041 861 3154">
     <span class='ocr_line' id='line_1_25' title="bbox 289 3041 861 3154; baseline 0.005 -16"><span class='ocrx_word' id='word_1_210' title='bbox 289 3041 499 3154; x_wconf 60' lang='lat' dir='ltr'>arsenoitem</span> <span class='ocrx_word' id='word_1_211' title='bbox 515 3086 549 3140; x_wconf 81' lang='lat' dir='ltr'>C.</span> <span class='ocrx_word' id='word_1_212' title='bbox 653 3088 688 3140; x_wconf 83' lang='lat'>10</span> <span class='ocrx_word' id='word_1_213' title='bbox 703 3082 810 3150; x_wconf 80' lang='grc' dir='ltr'><strong><em>αύτούς</em></strong></span> <span class='ocrx_word' id='word_1_214' title='bbox 827 3085 861 3141; x_wconf 81' lang='grc'>0.</span> 
     </span>
    </p>
   </div>
   <div class='ocr_carea' id='block_1_4' title="bbox 222 3266 1326 4523">
    <p class='ocr_par' dir='ltr' id='par_1_4' title="bbox 222 3266 1324 4375">
     <span class='ocr_line' id='line_1_26' title="bbox 222 3266 1321 3359; baseline -0.004 -32"><span class='ocrx_word' id='word_1_215' title='bbox 222 3290 281 3327; x_wconf 88' lang='lat' dir='ltr'>com</span> <span class='ocrx_word' id='word_1_216' title='bbox 294 3288 329 3325; x_wconf 89' lang='lat' dir='ltr'>ne</span> <span class='ocrx_word' id='word_1_217' title='bbox 344 3289 437 3327; x_wconf 85' lang='lat' dir='ltr'>nomen</span> <span class='ocrx_word' id='word_1_218' title='bbox 455 3272 559 3359; x_wconf 80' lang='lat' dir='ltr'>quidem</span> <span class='ocrx_word' id='word_1_219' title='bbox 573 3279 615 3327; x_wconf 88' lang='lat' dir='ltr'>est</span> <span class='ocrx_word' id='word_1_220' title='bbox 629 3271 750 3343; x_wconf 88' lang='lat' dir='ltr'>reperire</span> <span class='ocrx_word' id='word_1_221' title='bbox 764 3271 879 3345; x_wconf 86' lang='lat' dir='ltr'>tempori</span> <span class='ocrx_word' id='word_1_222' title='bbox 894 3276 986 3327; x_wconf 83' lang='lat' dir='ltr'>nostro</span> <span class='ocrx_word' id='word_1_223' title='bbox 1001 3288 1052 3345; x_wconf 87' lang='lat' dir='ltr'>par</span> <span class='ocrx_word' id='word_1_224' title='bbox 1064 3270 1121 3327; x_wconf 86' lang='lat' dir='ltr'>eius</span> <span class='ocrx_word' id='word_1_225' title='bbox 1133 3266 1261 3342; x_wconf 70' lang='lat' dir='ltr'>pravitati</span> <span class='ocrx_word' id='word_1_226' title='bbox 1274 3286 1321 3323; x_wconf 81' lang='lat' dir='ltr'>cx·</span> 
     </span>
     <span class='ocr_line' id='line_1_27' title="bbox 223 3342 1320 3413; baseline -0.002 -19"><span class='ocrx_word' id='word_1_227' title='bbox 223 3342 389 3413; x_wconf 63' lang='lat' dir='ltr'>perimendae,</span> <span class='ocrx_word' id='word_1_228' title='bbox 416 3343 511 3412; x_wconf 80' lang='lat' dir='ltr'>vigrnti</span> <span class='ocrx_word' id='word_1_229' title='bbox 528 3342 615 3396; x_wconf 86' lang='lat' dir='ltr'>aureis</span> <span class='ocrx_word' id='word_1_230' title='bbox 633 3343 812 3413; x_wconf 71' lang='lat' dir='ltr'><strong>probatorium</strong></span> <span class='ocrx_word' id='word_1_231' title='bbox 829 3343 863 3397; x_wconf 91' lang='lat' dir='ltr'>iis</span> <span class='ocrx_word' id='word_1_232' title='bbox 882 3342 962 3397; x_wconf 76' lang='lat' dir='ltr'>vendi</span> <span class='ocrx_word' id='word_1_233' title='bbox 978 3343 1163 3395; x_wconf 80' lang='lat' dir='ltr'>decreverunt.</span> <span class='ocrx_word' id='word_1_234' title='bbox 1197 3356 1255 3394; x_wconf 85' lang='lat' dir='ltr'>cum</span> <span class='ocrx_word' id='word_1_235' title='bbox 1271 3355 1320 3392; x_wconf 83' lang='lat' dir='ltr'>su-</span> 
     </span>
     <span class='ocr_line' id='line_1_28' title="bbox 222 3408 1321 3484; baseline -0.004 -20"><span class='ocrx_word' id='word_1_236' title='bbox 222 3422 275 3465; x_wconf 84' lang='lat' dir='ltr'>tem</span> <span class='ocrx_word' id='word_1_237' title='bbox 292 3410 470 3481; x_wconf 77' lang='lat' dir='ltr'>intelligerent</span> <span class='ocrx_word' id='word_1_238' title='bbox 487 3412 614 3465; x_wconf 85' lang='lat' dir='ltr'>neminem</span> <span class='ocrx_word' id='word_1_239' title='bbox 632 3413 744 3481; x_wconf 84' lang='lat' dir='ltr'>audere,</span> <span class='ocrx_word' id='word_1_240' title='bbox 762 3412 815 3467; x_wconf 86' lang='lat' dir='ltr'>inm</span> <span class='ocrx_word' id='word_1_241' title='bbox 832 3412 960 3466; x_wconf 84' lang='lat' dir='ltr'>neminem</span> <span class='ocrx_word' id='word_1_242' title='bbox 977 3429 1057 3484; x_wconf 85' lang='lat' dir='ltr'>pesse</span> <span class='ocrx_word' id='word_1_243' title='bbox 1072 3410 1141 3465; x_wconf 86' lang='lat' dir='ltr'>tanti</span> <span class='ocrx_word' id='word_1_244' title='bbox 1161 3408 1242 3479; x_wconf 90' lang='lat' dir='ltr'>pretii</span> <span class='ocrx_word' id='word_1_245' title='bbox 1256 3424 1321 3477; x_wconf 90' lang='lat' dir='ltr'>pro·</span> 
     </span>
     <span class='ocr_line' id='line_1_29' title="bbox 223 3475 1319 3551; baseline -0.005 -18"><span class='ocrx_word' id='word_1_246' title='bbox 223 3478 354 3533; x_wconf 83' lang='lat' dir='ltr'>lmtoriarn</span> <span class='ocrx_word' id='word_1_247' title='bbox 376 3480 427 3533; x_wconf 89' lang='lat' dir='ltr'>sibi</span> <span class='ocrx_word' id='word_1_248' title='bbox 446 3498 555 3551; x_wconf 86' lang='lat' dir='ltr'>parare,</span> <span class='ocrx_word' id='word_1_249' title='bbox 582 3482 768 3550; x_wconf 81' lang='lat' dir='ltr'>pragmaticam</span> <span class='ocrx_word' id='word_1_250' title='bbox 787 3484 895 3536; x_wconf 79' lang='lat' dir='ltr'>formam</span> <span class='ocrx_word' id='word_1_251' title='bbox 918 3479 971 3534; x_wconf 87' lang='lat' dir='ltr'>sibi</span> <span class='ocrx_word' id='word_1_252' title='bbox 990 3490 1126 3534; x_wconf 71' lang='lat' dir='ltr'>extorsere</span> <span class='ocrx_word' id='word_1_253' title='bbox 1144 3475 1241 3531; x_wconf 86' lang='lat' dir='ltr'>nemini</span> <span class='ocrx_word' id='word_1_254' title='bbox 1256 3492 1319 3546; x_wconf 88' lang='lat' dir='ltr'>per-</span> 
     </span>
     <span class='ocr_line' id='line_1_30' title="bbox 223 3546 1321 3620; baseline -0.005 -18"><span class='ocrx_word' id='word_1_255' title='bbox 223 3548 368 3602; x_wconf 71' lang='lat' dir='ltr'>mittentem</span> <span class='ocrx_word' id='word_1_256' title='bbox 385 3549 443 3603; x_wconf 92' lang='lat' dir='ltr'>sine</span> <span class='ocrx_word' id='word_1_257' title='bbox 455 3549 540 3603; x_wconf 86' lang='lat' dir='ltr'>literis</span> <span class='ocrx_word' id='word_1_258' title='bbox 556 3551 732 3620; x_wconf 75' lang='lat' dir='ltr'>imperatoriis</span> <span class='ocrx_word' id='word_1_259' title='bbox 746 3552 779 3605; x_wconf 83' lang='lat' dir='ltr'>sd</span> <span class='ocrx_word' id='word_1_260' title='bbox 793 3551 912 3605; x_wconf 85' lang='lat' dir='ltr'>militiam</span> <span class='ocrx_word' id='word_1_261' title='bbox 926 3550 1069 3619; x_wconf 77' lang='lat' dir='ltr'>praefectis</span> <span class='ocrx_word' id='word_1_262' title='bbox 1084 3546 1227 3601; x_wconf 84' lang='lat' dir='ltr'>subiectam</span> <span class='ocrx_word' id='word_1_263' title='bbox 1244 3562 1321 3598; x_wconf 84' lang='lat' dir='ltr'>scee-</span> 
     </span>
     <span class='ocr_line' id='line_1_31' title="bbox 222 3612 1322 3702; baseline -0.001 -34"><span class='ocrx_word' id='word_1_264' title='bbox 222 3619 297 3671; x_wconf 86' lang='lat' dir='ltr'>dere.</span> <span class='ocrx_word' id='word_1_265' title='bbox 331 3626 414 3671; x_wconf 82' lang='lat' dir='ltr'>totam</span> <span class='ocrx_word' id='word_1_266' title='bbox 431 3635 495 3672; x_wconf 84' lang='lat' dir='ltr'>vero</span> <span class='ocrx_word' id='word_1_267' title='bbox 515 3619 543 3672; x_wconf 94' lang='lat' dir='ltr'>in</span> <span class='ocrx_word' id='word_1_268' title='bbox 560 3628 734 3689; x_wconf 89' lang='lat' dir='ltr'>contemptum</span> <span class='ocrx_word' id='word_1_269' title='bbox 751 3620 918 3689; x_wconf 69' lang='lat' dir='ltr'>magistratus</span> <span class='ocrx_word' id='word_1_270' title='bbox 934 3620 1032 3702; x_wconf 70' lang='lat' dir='ltr'>fiebat,</span> <span class='ocrx_word' id='word_1_271' title='bbox 1057 3616 1098 3669; x_wconf 89' lang='lat' dir='ltr'>cui</span> <span class='ocrx_word' id='word_1_272' title='bbox 1114 3616 1177 3668; x_wconf 87' lang='lat' dir='ltr'>inde</span> <span class='ocrx_word' id='word_1_273' title='bbox 1194 3616 1229 3668; x_wconf 83' lang='lat' dir='ltr'>ab</span> <span class='ocrx_word' id='word_1_274' title='bbox 1244 3612 1322 3667; x_wconf 83' lang='lat' dir='ltr'>initis</span> 
     </span>
     <span class='ocr_line' id='line_1_32' title="bbox 222 3684 1321 3759; baseline -0.004 -21"><span class='ocrx_word' id='word_1_275' title='bbox 222 3688 266 3738; x_wconf 84' lang='lat' dir='ltr'>lex</span> <span class='ocrx_word' id='word_1_276' title='bbox 287 3688 477 3757; x_wconf 77' lang='lat' dir='ltr'>concessisset,</span> <span class='ocrx_word' id='word_1_277' title='bbox 501 3706 548 3741; x_wconf 88' lang='lat' dir='ltr'>suo</span> <span class='ocrx_word' id='word_1_278' title='bbox 568 3690 695 3758; x_wconf 73' lang='lat' dir='ltr'>suffragio</span> <span class='ocrx_word' id='word_1_279' title='bbox 713 3708 779 3759; x_wconf 88' lang='lat' dir='ltr'>quos</span> <span class='ocrx_word' id='word_1_280' title='bbox 798 3690 878 3744; x_wconf 90' lang='lat' dir='ltr'>vellet</span> <span class='ocrx_word' id='word_1_281' title='bbox 893 3688 1002 3742; x_wconf 86' lang='lat' dir='ltr'>notariis</span> <span class='ocrx_word' id='word_1_282' title='bbox 1023 3684 1115 3740; x_wconf 88' lang='lat' dir='ltr'>rudicii</span> <span class='ocrx_word' id='word_1_283' title='bbox 1134 3700 1321 3748; x_wconf 65' lang='lat' dir='ltr'>annumerarae</span> 
     </span>
     <span class='ocr_line' id='line_1_33' title="bbox 223 3751 1322 3831; baseline -0.005 -22"><span class='ocrx_word' id='word_1_284' title='bbox 223 3754 370 3824; x_wconf 80' lang='lat' dir='ltr'>ratrltosqne</span> <span class='ocrx_word' id='word_1_285' title='bbox 385 3754 445 3826; x_wconf 91' lang='lat' dir='ltr'>ipse</span> <span class='ocrx_word' id='word_1_286' title='bbox 462 3756 516 3811; x_wconf 91' lang='lat' dir='ltr'>scio</span> <span class='ocrx_word' id='word_1_287' title='bbox 533 3757 663 3826; x_wconf 86' lang='lat' dir='ltr'>colloquio</span> <span class='ocrx_word' id='word_1_288' title='bbox 675 3767 799 3831; x_wconf 88' lang='lat' dir='ltr'>receptos</span> <span class='ocrx_word' id='word_1_289' title='bbox 815 3758 957 3827; x_wconf 77' lang='lat' dir='ltr'>militasse,</span> <span class='ocrx_word' id='word_1_290' title='bbox 975 3767 1003 3809; x_wconf 91' lang='lat' dir='ltr'>et</span> <span class='ocrx_word' id='word_1_291' title='bbox 1018 3755 1159 3808; x_wconf 82' lang='lat' dir='ltr'>eminuisse</span> <span class='ocrx_word' id='word_1_292' title='bbox 1173 3751 1249 3805; x_wconf 87' lang='lat' dir='ltr'>simul</span> <span class='ocrx_word' id='word_1_293' title='bbox 1264 3752 1322 3805; x_wconf 92' lang='lat' dir='ltr'>cin·</span> 
     </span>
     <span class='ocr_line' id='line_1_34' title="bbox 223 3820 1323 3895; baseline -0.002 -19"><span class='ocrx_word' id='word_1_294' title='bbox 223 3822 363 3893; x_wconf 66' lang='lat' dir='ltr'>polumque</span> <span class='ocrx_word' id='word_1_295' title='bbox 381 3842 439 3878; x_wconf 88' lang='lat' dir='ltr'>cum</span> <span class='ocrx_word' id='word_1_296' title='bbox 457 3828 555 3880; x_wconf 85' lang='lat' dir='ltr'>honore</span> <span class='ocrx_word' id='word_1_297' title='bbox 572 3828 702 3895; x_wconf 85' lang='lat' dir='ltr'>posuisse.</span> <span class='ocrx_word' id='word_1_298' title='bbox 738 3837 767 3883; x_wconf 89' lang='lat' dir='ltr'>et</span> <span class='ocrx_word' id='word_1_299' title='bbox 782 3830 833 3882; x_wconf 87' lang='lat' dir='ltr'>hac</span> <span class='ocrx_word' id='word_1_300' title='bbox 849 3829 939 3895; x_wconf 84' lang='lat' dir='ltr'>itaque</span> <span class='ocrx_word' id='word_1_301' title='bbox 961 3826 1006 3878; x_wconf 82' lang='lat' dir='ltr'>via</span> <span class='ocrx_word' id='word_1_302' title='bbox 1022 3824 1051 3881; x_wconf 90' lang='lat' dir='ltr'>in</span> <span class='ocrx_word' id='word_1_303' title='bbox 1068 3832 1201 3894; x_wconf 86' lang='lat' dir='ltr'>posteram</span> <span class='ocrx_word' id='word_1_304' title='bbox 1218 3820 1323 3875; x_wconf 82' lang='lat' dir='ltr'>occlusa</span> 
     </span>
     <span class='ocr_line' id='line_1_35' title="bbox 223 3891 1322 3966; baseline -0.001 -22"><span class='ocrx_word' id='word_1_305' title='bbox 223 3891 329 3963; x_wconf 84' lang='lat' dir='ltr'>penitus</span> <span class='ocrx_word' id='word_1_306' title='bbox 353 3911 397 3948; x_wconf 90' lang='lat' dir='ltr'>res</span> <span class='ocrx_word' id='word_1_307' title='bbox 419 3897 598 3966; x_wconf 81' lang='lat' dir='ltr'>apparitorum</span> <span class='ocrx_word' id='word_1_308' title='bbox 622 3897 776 3966; x_wconf 84' lang='lat' dir='ltr'>concidere,</span> <span class='ocrx_word' id='word_1_309' title='bbox 806 3894 1041 3954; x_wconf 78' lang='lat' dir='ltr'>matriculariorum</span> <span class='ocrx_word' id='word_1_310' title='bbox 1062 3910 1141 3960; x_wconf 79' lang='lat' dir='ltr'>vero,</span> <span class='ocrx_word' id='word_1_311' title='bbox 1167 3898 1198 3945; x_wconf 87' lang='lat' dir='ltr'>ot</span> <span class='ocrx_word' id='word_1_312' title='bbox 1216 3897 1322 3958; x_wconf 80' lang='lat' dir='ltr'>vocant,</span> 
     </span>
     <span class='ocr_line' id='line_1_36' title="bbox 224 3962 1324 4034; baseline -0.003 -19"><span class='ocrx_word' id='word_1_313' title='bbox 224 3978 317 4015; x_wconf 88' lang='lat' dir='ltr'>munus</span> <span class='ocrx_word' id='word_1_314' title='bbox 334 3962 460 4018; x_wconf 82' lang='lat' dir='ltr'>radicitus</span> <span class='ocrx_word' id='word_1_315' title='bbox 478 3965 593 4018; x_wconf 81' lang='lat' dir='ltr'>evulsam</span> <span class='ocrx_word' id='word_1_316' title='bbox 610 3964 729 4033; x_wconf 76' lang='lat' dir='ltr'>interiit3</span> <span class='ocrx_word' id='word_1_317' title='bbox 754 3968 788 4021; x_wconf 90' lang='lat' dir='ltr'>de</span> <span class='ocrx_word' id='word_1_318' title='bbox 825 3984 858 4020; x_wconf 88' lang='lat' dir='ltr'>uo</span> <span class='ocrx_word' id='word_1_319' title='bbox 880 3965 944 4034; x_wconf 86' lang='lat' dir='ltr'>quid</span> <span class='ocrx_word' id='word_1_320' title='bbox 959 3962 1055 4031; x_wconf 85' lang='lat' dir='ltr'>multa,</span> <span class='ocrx_word' id='word_1_321' title='bbox 1080 3978 1138 4016; x_wconf 84' lang='lat' dir='ltr'>eum</span> <span class='ocrx_word' id='word_1_322' title='bbox 1161 3976 1249 4014; x_wconf 85' lang='lat' dir='ltr'>omnes</span> <span class='ocrx_word' id='word_1_323' title='bbox 1271 3976 1324 4013; x_wconf 83' lang='lat' dir='ltr'>una</span> 
     </span>
     <span class='ocr_line' id='line_1_37' title="bbox 224 4031 1323 4106; baseline 0.001 -26"><span class='ocrx_word' id='word_1_324' title='bbox 224 4037 287 4099; x_wconf 84' lang='lat' dir='ltr'>post</span> <span class='ocrx_word' id='word_1_325' title='bbox 310 4032 388 4087; x_wconf 88' lang='lat' dir='ltr'>linem</span> <span class='ocrx_word' id='word_1_326' title='bbox 414 4032 522 4086; x_wconf 88' lang='lat' dir='ltr'>militiae</span> <span class='ocrx_word' id='word_1_327' title='bbox 543 4050 696 4088; x_wconf 87' lang='lat' dir='ltr'>aermnnose</span> <span class='ocrx_word' id='word_1_328' title='bbox 719 4036 792 4106; x_wconf 85' lang='lat' dir='ltr'>turpi</span> <span class='ocrx_word' id='word_1_329' title='bbox 815 4054 842 4089; x_wconf 88' lang='lat' dir='ltr'>m</span> <span class='ocrx_word' id='word_1_330' title='bbox 860 4033 952 4104; x_wconf 87' lang='lat' dir='ltr'>inopia</span> <span class='ocrx_word' id='word_1_331' title='bbox 976 4031 1105 4102; x_wconf 82' lang='lat' dir='ltr'>reliquunt</span> <span class='ocrx_word' id='word_1_332' title='bbox 1123 4031 1197 4084; x_wconf 80' lang='lat' dir='ltr'>vitas</span> <span class='ocrx_word' id='word_1_333' title='bbox 1219 4037 1323 4098; x_wconf 84' lang='lat' dir='ltr'>tempus</span> 
     </span>
     <span class='ocr_line' id='line_1_38' title="bbox 223 4096 1323 4176; baseline -0.002 -25"><span class='ocrx_word' id='word_1_334' title='bbox 223 4099 351 4155; x_wconf 81' lang='lat' dir='ltr'>trohant‘t</span> <span class='ocrx_word' id='word_1_335' title='bbox 386 4101 504 4156; x_wconf 86' lang='lat' dir='ltr'>militiam</span> <span class='ocrx_word' id='word_1_336' title='bbox 534 4103 616 4171; x_wconf 83' lang='lat' dir='ltr'>igitur</span> <span class='ocrx_word' id='word_1_337' title='bbox 645 4112 706 4174; x_wconf 86' lang='lat' dir='ltr'>post</span> <span class='ocrx_word' id='word_1_338' title='bbox 729 4103 903 4176; x_wconf 79' lang='lat' dir='ltr'>quadraginta</span> <span class='ocrx_word' id='word_1_339' title='bbox 927 4119 1053 4156; x_wconf 85' lang='lat' dir='ltr'>annorum</span> <span class='ocrx_word' id='word_1_340' title='bbox 1074 4117 1181 4173; x_wconf 83' lang='lat' dir='ltr'>operam</span> <span class='ocrx_word' id='word_1_341' title='bbox 1201 4096 1323 4167; x_wconf 84' lang='lat' dir='ltr'>deposui,</span> 
     </span>
     <span class='ocr_line' id='line_1_39' title="bbox 226 4164 1323 4244; baseline 0.002 -27"><span class='ocrx_word' id='word_1_342' title='bbox 226 4166 292 4219; x_wconf 85' lang='lat' dir='ltr'>nihil</span> <span class='ocrx_word' id='word_1_343' title='bbox 310 4187 343 4222; x_wconf 86' lang='lat' dir='ltr'>es</span> <span class='ocrx_word' id='word_1_344' title='bbox 359 4180 466 4240; x_wconf 81' lang='lat' dir='ltr'>praeter</span> <span class='ocrx_word' id='word_1_345' title='bbox 481 4190 574 4226; x_wconf 89' lang='lat' dir='ltr'>nomen</span> <span class='ocrx_word' id='word_1_346' title='bbox 591 4173 771 4244; x_wconf 83' lang='lat' dir='ltr'>completionis</span> <span class='ocrx_word' id='word_1_347' title='bbox 788 4180 952 4227; x_wconf 86' lang='lat' dir='ltr'>consecutus.</span> <span class='ocrx_word' id='word_1_348' title='bbox 987 4171 1092 4240; x_wconf 87' lang='lat' dir='ltr'>iamque</span> <span class='ocrx_word' id='word_1_349' title='bbox 1108 4183 1249 4238; x_wconf 70' lang='lat' dir='ltr'>congruum</span> <span class='ocrx_word' id='word_1_350' title='bbox 1263 4164 1323 4219; x_wconf 81' lang='lat' dir='ltr'>buia</span> 
     </span>
     <span class='ocr_line' id='line_1_40' title="bbox 225 4236 1323 4312; baseline 0.003 -25"><span class='ocrx_word' id='word_1_351' title='bbox 225 4239 379 4304; x_wconf 76' lang='lat' dir='ltr'>tragoediae</span> <span class='ocrx_word' id='word_1_352' title='bbox 398 4241 476 4295; x_wconf 84' lang='lat' dir='ltr'>linem</span> <span class='ocrx_word' id='word_1_353' title='bbox 493 4242 642 4312; x_wconf 85' lang='lat' dir='ltr'>imponere,</span> <span class='ocrx_word' id='word_1_354' title='bbox 666 4243 739 4296; x_wconf 87' lang='lat' dir='ltr'>exitu</span> <span class='ocrx_word' id='word_1_355' title='bbox 756 4244 789 4296; x_wconf 92' lang='lat' dir='ltr'>ad</span> <span class='ocrx_word' id='word_1_356' title='bbox 806 4241 987 4296; x_wconf 82' lang='lat' dir='ltr'>declarandam</span> <span class='ocrx_word' id='word_1_357' title='bbox 1005 4239 1145 4294; x_wconf 80' lang='lat' dir='ltr'>veritatem</span> <span class='ocrx_word' id='word_1_358' title='bbox 1162 4236 1323 4293; x_wconf 66' lang='lat' dir='ltr'>suffimenta.</span> 
     </span>
     <span class='ocr_line' id='line_1_41' title="bbox 225 4308 1144 4375; baseline 0.004 -16"><span class='ocrx_word' id='word_1_359' title='bbox 225 4320 302 4359; x_wconf 79' lang='lat' dir='ltr'>uuam</span> <span class='ocrx_word' id='word_1_360' title='bbox 319 4315 407 4363; x_wconf 65' lang='lat' dir='ltr'>umen</span> <span class='ocrx_word' id='word_1_361' title='bbox 424 4326 478 4363; x_wconf 90' lang='lat' dir='ltr'>rem</span> <span class='ocrx_word' id='word_1_362' title='bbox 496 4310 575 4364; x_wconf 88' lang='lat' dir='ltr'>etium</span> <span class='ocrx_word' id='word_1_363' title='bbox 592 4311 655 4364; x_wconf 86' lang='lat' dir='ltr'>mihi</span> <span class='ocrx_word' id='word_1_364' title='bbox 670 4313 919 4366; x_wconf 83' lang='lat' dir='ltr'>commemorandam</span> <span class='ocrx_word' id='word_1_365' title='bbox 935 4328 995 4365; x_wconf 86' lang='lat' dir='ltr'>esse</span> <span class='ocrx_word' id='word_1_366' title='bbox 1011 4308 1144 4375; x_wconf 70' lang='lat' dir='ltr'>existimo,</span> 
     </span>
    </p>

    <p class='ocr_par' dir='ltr' id='par_1_5' title="bbox 226 4372 1326 4523">
     <span class='ocr_line' id='line_1_42' title="bbox 293 4372 1323 4457; baseline 0.001 -29"><span class='ocrx_word' id='word_1_367' title='bbox 293 4375 338 4429; x_wconf 86' lang='grc'>68.</span> <span class='ocrx_word' id='word_1_368' title='bbox 372 4379 430 4432; x_wconf 83' lang='lat' dir='ltr'>Lex</span> <span class='ocrx_word' id='word_1_369' title='bbox 446 4380 555 4451; x_wconf 64' lang='lat' dir='ltr'>antiqua</span> <span class='ocrx_word' id='word_1_370' title='bbox 573 4387 644 4448; x_wconf 89' lang='lat' dir='ltr'>erat,</span> <span class='ocrx_word' id='word_1_371' title='bbox 669 4382 768 4449; x_wconf 86' lang='lat' dir='ltr'>omnia,</span> <span class='ocrx_word' id='word_1_372' title='bbox 795 4398 863 4452; x_wconf 88' lang='lat' dir='ltr'>quae</span> <span class='ocrx_word' id='word_1_373' title='bbox 882 4381 1115 4449; x_wconf 79' lang='lat' dir='ltr'>quomodocunque</span> <span class='ocrx_word' id='word_1_374' title='bbox 1131 4376 1202 4448; x_wconf 86' lang='lat' dir='ltr'>apud</span> <span class='ocrx_word' id='word_1_375' title='bbox 1217 4372 1323 4457; x_wconf 64' lang='lat' dir='ltr'>praeis·</span> 
     </span>
     <span class='ocr_line' id='line_1_43' title="bbox 226 4445 1326 4523; baseline 0.004 -27"><span class='ocrx_word' id='word_1_376' title='bbox 226 4450 283 4497; x_wconf 85' lang='lat' dir='ltr'>ctos</span> <span class='ocrx_word' id='word_1_377' title='bbox 299 4461 330 4500; x_wconf 85' lang='lat' dir='ltr'>ao</span> <span class='ocrx_word' id='word_1_378' title='bbox 344 4448 416 4503; x_wconf 80' lang='lat' dir='ltr'>forte</span> <span class='ocrx_word' id='word_1_379' title='bbox 429 4448 495 4504; x_wconf 80' lang='lat' dir='ltr'>elios</span> <span class='ocrx_word' id='word_1_380' title='bbox 513 4449 593 4505; x_wconf 80' lang='lat' dir='ltr'>etiam</span> <span class='ocrx_word' id='word_1_381' title='bbox 609 4450 777 4521; x_wconf 79' lang='lat' dir='ltr'>magistratus</span> <span class='ocrx_word' id='word_1_382' title='bbox 793 4460 951 4523; x_wconf 69' lang='lat' dir='ltr'>agerentur,</span> <span class='ocrx_word' id='word_1_383' title='bbox 973 4449 1071 4505; x_wconf 75' lang='lat' dir='ltr'>Latino</span> <span class='ocrx_word' id='word_1_384' title='bbox 1085 4464 1207 4504; x_wconf 77' lang='grc' dir='ltr'><strong><em>τατωοοο</em></strong></span> <span class='ocrx_word' id='word_1_385' title='bbox 1219 4445 1326 4511; x_wconf 67' lang='grc' dir='ltr'><strong><em>σίντης</em></strong></span> 
     </span>
    </p>
   </div>
   <div class='ocr_carea' id='block_1_5' title="bbox 0 0 1577 4959">
    <p class='ocr_par' dir='ltr' id='par_1_6' title="bbox 0 0 1577 4959">
     <span class='ocr_line' id='line_1_44' title="bbox 0 0 1577 4959; baseline 0 0"><span class='ocrx_word' id='word_1_386' title='bbox 0 0 1577 4959; x_wconf 95' lang='lat' dir='ltr'> </span> 
     </span>
    </p>
   </div>
  </div>
 </body>
</html>
