3125 4959
242 392 292 469 94
639 392 812 469 IOANNIS
840 390 942 458 tum

346 564 408 637 θλ.
458 566 518 653 φεῦ
532 566 593 629 τιῦν
606 564 752 652 βροτείων
768 559 810 641 ὡς
826 558 982 645 ἀνώμαλοι
994 553 1107 644 τάχαιί

462 668 491 732 οἱ
508 666 635 754 μὲνγὰρ
653 659 686 734 mi
702 664 890 755 πράσσουσι,
910 673 974 741 τοῖς
987 665 1020 729 δὲ
1036 660 1194 750 συμηοραλ

461 772 591 857 σκληραί
607 767 743 857 πάρεισιν
758 769 914 851 εὐσεβοῦσι
929 766 1005 853 πρὸς
1021 770 1109 830 θεοῦ.

245 871 300 957 τὴν
315 866 410 955 τῦχην
426 880 599 959 φορτοῦναν
614 874 749 959 λέγουσα
762 869 944 954 οίῬωμαῖοι
958 867 1018 933 άπὸ
1032 874 1088 951 τῆς
1102 869 1211 953 φοράς,
1230 857 1340 926 ίνθουν

246 975 404 1062 ὠφίλειαν.
450 975 656 1062 Ἀριστοτέλης
673 974 723 1040 “ai
748 972 828 1039 ἴστιν
854 969 963 1059 άρετή,
988 970 1044 1035 οῦκ
1065 970 1130 1035 ίστι
1152 964 1244 1049 τάχη·
1276 960 1366 1029 ἄντοῦ

245 1078 304 1165 γάρ
327 1080 377 1143 καί
403 1073 486 1144 ιιάτιο
505 1078 543 1143 τά
563 1084 618 1163 τῆς
631 1076 723 1163 τύχης
735 1079 766 1141 ίν
778 1087 842 1153 τοῖς
853 1076 1055 1162 ἀνθρωπίνοις
1065 1068 1245 1158 γυμνάζεται
1260 1062 1343 1152 πρά-

245 1206 340 1267 γμασι
369 1177 489 1268 πλοάτιρ
514 1206 547 1247 τε
573 1183 624 1246 ιιαλ
646 1178 850 1269 διαφερόντως
870 1179 983 1267 άῦικίρι.
1033 1174 1062 1240 oi
1084 1174 1117 1239 (λε’
1137 1171 1214 1258 πρὸς
1232 1167 1343 1255 άρετὴν

246 1282 363 1368 ἔχοντες
382 1286 433 1348 καί
459 1289 537 1349 θεοῦ
559 1284 757 1369 μεμνημένοι,
782 1286 834 1347 καί
854 1282 1025 1367 κρείττονας
1044 1280 1167 1342 ἐπὶτῶν
1183 1272 1344 1360 μακαρίων

246 1390 296 1453 καί
320 1386 421 1453 άῦλων
445 1383 632 1474 πραγμάτων
654 1388 777 1462 ἕλπίῦας
801 1381 993 1459 σαλεύοντες,
1026 1382 1253 1465 καταφρονοῦσι
1280 1378 1343 1437 τῶν

132 1524 161 1576 ιν.
180 1509 230 1566 109
246 1494 315 1577 τῇῦε
339 1494 457 1554 καλῶν·
486 1488 574 1555 οῦιλίν
594 1488 653 1577 γάρ
677 1488 814 1576 ἀσφαλὲς
834 1487 905 1551 οὐδὲ
926 1483 1099 1571 κεκριμίνον
1118 1481 1199 1544 ἐστίν
1218 1478 1266 1542 tut
1287 1481 1342 1558 τῆς
1352 1483 1387 1538 1⁰

245 1592 354 1677 τύχης,
380 1588 423 1669 ὥς
444 1590 612 1679 Εὐριπίδης
633 1593 718 1679 φησί.
765 1591 888 1676 χείρους
910 1587 939 1658 οἳ
958 1592 1014 1651 τοῦ
1032 1580 1164 1649 πλοῦτον
1186 1585 1242 1646 τοῦ
1257 1576 1343 1662 παρά

245 1697 356 1782 μίτρον
376 1694 544 1782 ἐφιέμενοι·
575 1701 704 1773 πλοῦτος
727 1693 787 1780 γάρ
807 1697 926 1777 μᾶλλον
945 1688 1053 1764 κακίας
1071 1684 1094 1771 ἢ
1114 1681 1344 1768 καλοκάγαθίας

246 1796 396 1886 ῦπηρίτης
411 1798 491 1879 ίστί,
517 1800 610 1887 φησίν
625 1794 641 1861 ci
656 1795 793 1886 ῥήτωρ.”

656 1988 936 2049 ἹΟῬΑΙΟΣ.

350 2103 411 2174 63.
461 2100 514 2169 τὸν
536 2098 662 2171 'tottam
679 2112 762 2189 μῆνα
786 2104 920 2187 πίμπτον
936 2096 992 2180 μίν
1005 2092 1044 2165 ι’ίν
1056 2117 1103 2169 τις
1115 2087 1175 2155 άπὸ
1189 2092 1246 2153 τοῦ
1257 2092 1344 2152 πολι·
1352 2093 1386 2151 15

247 2212 347 2284 τικοῦ,
374 2208 505 2289 ίβῦομον
532 2206 565 2270 δὲ
589 2204 648 2271 άπὸ
671 2214 726 2272 τοῦ
747 2206 900 2294 ἱερατικοῦ
917 2197 1007 2281 λάβοι
1024 2199 1181 2269 ε’νιαντοῦ·
1205 2190 1266 2257 άπὸ
1284 2189 1345 2276 γάρ

246 2317 302 2375 τοῦ
321 2312 466 2395 Μαρτίου
493 2307 624 2391 (ίκεΐνος
643 2308 677 2373 tt
697 2301 735 2393 ἦν
755 2306 771 2373 b
792 2306 879 2393 παρὰ
895 2298 1053 2384 Ῥωμύλου
1072 2300 1173 2374 τεθείς
1189 2299 1232 2371 εἷς
1247 2283 1346 2379 ἀρχὴν

246 2419 303 2478 τοῦ
326 2416 481 2477 πολιτικοῦ
500 2410 659 2494 ἐνιαυτοῦ)
691 2412 827 2494 πέμπτος
846 2407 941 2482 ίστίν,
964 2402 1038 2475 ὅθεν
1057 2399 1108 2467 καί
1129 2401 1290 2471 Κυντίλιος
1309 2395 1344 2459 τῦ

247 2518 317 2599 πρίν
337 2512 506 2597 ὠνομάζετο
512 2560 524 2592 ,
550 2512 681 2595 ἕβδομος
704 2517 737 2579 (λε’
758 2512 819 2578 niati
839 2517 894 2578 τοῦ
911 2506 1117 2588 Ἰαννουαρίου·
1144 2498 1291 2586 ἱερατικὸς
1312 2498 1345 2561 ῦί

247 2610 336 2694 οὗτος
358 2617 437 2681 κατὰ
457 2612 510 2681 τὸν
530 2621 672 2697 Νουμᾶν.
721 2612 738 2679 ὁ
754 2616 854 2681 τοίνυν
869 2613 994 2695 Καῖσαρ
1010 2608 1046 2672 οῦ
1062 2602 1139 2691 τάχη
1153 2600 1247 2688 μόνον
1263 2599 1386 2666 άλλιλ20

315 2803 507 2865 uastarunt.
542 2810 579 2865 oi.
593 2810 612 2865 4
628 2812 657 2868 7.
692 2808 762 2879 apud
775 2806 918 2861 stobaeum
932 2796 1082 2865 είςῦεοιίς.
1167 2795 1294 2862 θυτικῆς
1307 2793 1342 2845 V.

314 2880 334 2932 7
357 2876 385 2930 oi
409 2873 439 2929 δ’
461 2870 516 2933 oui?
653 2878 686 2933 16
709 2874 822 2946 λάβοιεν
844 2870 1079 2943 autumpnus:
1106 2882 1166 2922 corr
1182 2864 1341 2918 Roetherua.

315 2947 349 3002 18
367 2941 399 3001 τά
416 2946 516 3017 πράην
531 2948 564 3005 Ρ.

314 3118 359 3171 62.
393 3117 471 3172 Eheu
488 3115 634 3171 mortalium
648 3132 725 3187 qnam
741 3113 848 3183 iniquae
865 3110 967 3165 sortes!
1002 3107 1049 3161 aiii
1065 3104 1134 3159 enim
1146 3117 1275 3172 prospera
1288 3114 1344 3153 rem

248 3195 358 3253 gerunt,
385 3186 444 3239 aliia
465 3188 521 3239 fata
543 3187 640 3240 acerba
662 3184 832 3251 contingunt,
850 3180 968 3251 quamvis
985 3178 1052 3248 piis,
1070 3194 1086 3228 a
1106 3177 1166 3228 deo.
1201 3172 1344 3223 Fortunam

247 3258 339 3309 dionunt
358 3255 469 3308 Romani
488 3252 539 3323 τήν
561 3255 659 3323 Τῦχην
681 3272 697 3306 a
716 3252 844 3317 ferendo,
867 3250 985 3303 divinum
1004 3244 1137 3299 auxilium.
1171 3237 1343 3293 naturalem

247 3320 298 3377 “ti
315 3331 357 3378 eat
377 3324 476 3390 virtus,
500 3342 552 3376 non
571 3331 613 3376 eat
629 3325 750 3376 tortum:
776 3337 878 3373 sursum
900 3318 968 3370 enim
990 3332 1021 3367 ac
1038 3315 1160 3365 deorsum
1173 3324 1217 3361 reo
1236 3308 1269 3359 ani
1286 3308 1343 3358 for-

248 3400 336 3447 tunam
355 3394 518 3475 pertinentes
534 3392 563 3445 in
582 3392 699 3445 humanis
719 3398 876 3441 exercentur
891 3390 934 3452 (ο.
949 3384 1101 3454 agitantur)
1120 3380 1216 3443 rebat,
1241 3375 1343 3427 divitiis

249 3471 278 3514 et
295 3479 405 3516 maxume
424 3461 530 3514 iniuria.
566 3462 600 3514 acl
615 3462 739 3513 virtutem
758 3467 844 3511 autent
861 3457 907 3526 qui
926 3454 1047 3507 converti
1068 3457 1129 3502 aunt
1145 3456 1173 3499 ot
1188 3445 1233 3499 dei
1246 3460 1343 3495 memo-

248 3546 307 3594 τοι,
334 3540 361 3583 et
382 3530 503 3583 meliores
527 3529 555 3582 in
577 3532 656 3583 rebus
678 3527 763 3581 beatio
785 3536 813 3579 et
832 3524 956 3577 rnateriao
978 3520 1130 3592 expertibus
1153 3513 1343 3584 spanagium,

152 3624 154 3628 ¹
249 3599 398 3667 despiciunt
415 3617 448 3652 ea
465 3616 532 3669 qnae
550 3598 593 3651 bio
608 3605 670 3651 sunt
689 3597 728 3664 (i.
746 3616 770 3648 e.
785 3594 942 3660 terrestria)
957 3593 1042 3644 bona:
1065 3586 1130 3639 nihii
1143 3584 1212 3637 enim
1224 3598 1343 3634 securum

250 3675 296 3720 aut
318 3667 479 3735 exploratum
504 3669 532 3719 in
553 3668 658 3719 fortuna
680 3676 735 3729 est,
758 3672 788 3717 ut
803 3664 842 3715 ait
854 3661 1007 3730 Euripides.
1041 3658 1147 3727 peiores
1167 3651 1283 3704 evadunt
1297 3648 1345 3717 qui

249 3734 351 3788 diuitiis
365 3736 508 3789 immodicis
519 3736 636 3788 inhiant:
654 3734 764 3788 divitiae
780 3733 849 3785 enim
862 3729 1002 3802 pravitatis
1017 3726 1100 3797 magia
1113 3739 1188 3795 quam
1202 3718 1344 3789 probitatis

249 3804 385 3858 ministrae
398 3813 472 3872 aunt,
489 3813 519 3859 ut
532 3804 570 3858 ait
583 3814 682 3858 orator.
691 3798 708 3821 ’'

683 3969 907 4026 IULIUS

319 4076 364 4131 63.
398 4074 492 4129 Iulium
508 4093 622 4130 manaem
639 4076 759 4147 quintum
773 4072 869 4143 aliquis
882 4090 899 4125 a
911 4067 998 4135 civili,
1017 4066 1155 4137 septimum
1169 4065 1257 4115 autem
1270 4075 1287 4113 a
1299 4074 1343 4112 aa·

249 4144 376 4200 cerdotaii
392 4144 506 4215 accipiat
521 4164 602 4198 anno:
620 4164 636 4200 a
652 4144 750 4199 Martio
767 4144 835 4199 enim
854 4140 917 4209 (itte
934 4148 1020 4192 autem
1036 4137 1060 4187 is
1078 4141 1136 4186 erat
1151 4147 1228 4200 quem
1244 4130 1342 4182 Romu-

246 4215 288 4269 lua
312 4214 401 4284 posuit
423 4214 450 4267 in
471 4214 547 4265 initio
571 4216 632 4267 antri
652 4214 758 4280 civilis)
782 4212 888 4281 quintus
910 4218 968 4274 eat,
996 4206 1063 4257 unda
1078 4212 1106 4255 et
1122 4199 1248 4264 Quintilio
1266 4205 1344 4250 antea

246 4285 442 4346 nominabatur3
470 4283 596 4351 septimus
618 4292 703 4335 autem
726 4300 741 4333 a
761 4281 900 4334 Ianuari0=
926 4272 1096 4328 sacerdotalia
1118 4280 1205 4323 autem
1227 4265 1285 4332 hic,
1309 4282 1341 4317 ox

246 4353 367 4406 instituto
390 4354 501 4406 Numae.
537 4354 638 4405 Caesar
659 4352 755 4419 igitur,
782 4351 828 4421 qui
853 4367 905 4402 non
925 4348 1032 4397 fortuna
1055 4340 1137 4395 solum
1156 4334 1342 4392 verumetiam
