3125 4959
286 427 334 497 58
689 428 862 499 loshhls
888 429 992 498 LYDI

280 601 331 665 καί
344 596 551 689 διαφερόντως
562 610 619 687 τῆς
631 602 770 679 νεολαίας
782 601 935 685 ἀνέμενον.
961 602 1041 671 κατά
1056 601 1091 669 δὲ
1101 601 1159 687 τὴν
1171 596 1307 688 ἕβδόμην
1315 628 1383 688 χει-

168 770 170 773 ,
274 710 367 787 ,μῶνα
382 702 582 786 πάντως,(καλ
598 707 659 792 γάρ
677 702 829 791 ψυχρδςό
846 705 980 795 Κρόνος)
999 708 1154 793 εὐετηρίαν
1168 731 1202 774 τε
1218 705 1302 792 ὅσην,
1314 708 1383 773 ’ἐπεί

279 806 392 895 ἴφορος
410 812 471 873 τῶν
490 816 616 896 καρπῶν
632 809 725 885 odric
740 804 814 875 tirou
829 807 1019 894 ἀπείληπται,
1044 808 1154 888 νόσους
1166 835 1200 875 τε
1214 813 1265 875 καί
1279 809 1382 878 κινδό-

279 936 360 989 νους,
385 913 438 976 καλ
452 912 583 995 ἀνέμους
595 918 638 1000 τῷ
654 913 752 1000 θέρει,
774 915 826 980 καὶ
841 914 980 998 χαλάζης
993 914 1144 1002 ε’πιφοράν
1156 914 1226 1001 περὶ
1238 912 1293 981 τὸν
1305 939 1382 1003 κορ·

277 1023 369 1094 κῖνον,
394 1016 446 1079 καὶ
461 1014 568 1103 φήμην
580 1025 644 1093 τοῖς
656 1014 834 1103 πράγμασιν
848 1015 999 1104 ἀδόκητον
1013 1020 1192 1098 οίωνίζοντο.
1387 1025 1408 1083 5

183 1140 211 1193 [ι.
227 1122 264 1181 64
386 1116 442 1185 11.
495 1119 543 1186 ὅτι
562 1121 597 1185 δὲ
616 1121 753 1208 ἐμφερὴς
773 1119 853 1186 κατά
869 1147 937 1187 τινα
952 1119 1082 1204 δόναμιν
1093 1127 1138 1209 τῷ
1153 1113 1291 1205 μαγνῆτρ
1304 1115 1321 1183 ὅ
1335 1119 1382 1185 σί-

281 1220 385 1305 δηρος,
408 1221 538 1310 εδμαρές
551 1226 643 1289 ἰδεῖν·
669 1220 685 1287 ὃ
701 1223 761 1311 γάρ
776 1226 808 1302 ἐξ
821 1224 915 1291 αάτοό
926 1227 1145 1308 μεταλλευθεὶς
1157 1225 1283 1309 σίδηρος
1295 1221 1382 1287 onidis

278 1312 370 1404 ἦττον
390 1323 444 1390 τόν
465 1326 498 1404 ἓξ
523 1325 618 1412 ἄλλης
636 1329 883 1411 μεταλλευθέντα
902 1330 1039 1415 σίδηρον,
1065 1331 1110 1406 είς
1122 1326 1158 1393 ἀν
1170 1333 1382 1412 μετακινεῖται,

276 1428 459 1514 μεταφέρει·
485 1431 565 1513 πλὴν
585 1434 612 1496 εί
633 1430 677 1517 μὴ
689 1437 775 1519 χυλῷ
790 1429 958 1518 κρομμόων
973 1432 1082 1519 ἀλιφῇ,
1107 1427 1152 1508 ῶς
1164 1442 1229 1507 τοῖς
1241 1438 1382 1519 φυσικοῖς

280 1530 372 1599 δοκεῖ.
395 1523 489 1612 αὖθις
508 1534 544 1599 δὲ
563 1535 691 1622 τραγείιρ
708 1534 817 1618 α’ίματι
830 1534 996 1623 χριόμενος
1011 1531 1029 1602 ό
1043 1532 1200 1621 μαηοητης
1212 1533 1269 1620 τὴν
1283 1530 1381 1600 ἑλκτι-
1387 1543 1425 1601 10

279 1633 337 1718 κήν
352 1634 534 1720 ἀναδίχεται-
544 1634 683 1720 δόναμιν.

385 1738 443 1807 12·
493 1742 563 1828 περλ
590 1746 646 1806 τοῦ
673 1738 825 1827 πεπίρεαις
851 1736 1041 1823 δΜάξιμός
1066 1762 1144 1828 φησι
1164 1732 1291 1826 “porois
1317 1736 1381 1802 hm

278 1844 400 1925 πρῶτον
421 1842 478 1924 μὲν
497 1841 690 1918 ἀνάκανθον,
716 1842 983 1928 φυτουργοόμενον
996 1843 1030 1906 δὲ
1046 1840 1088 1918 ῶς
1104 1841 1239 1924 ἄμπελος
1252 1840 1381 1905 ἀναδεν-

277 1943 356 2028 δράς
369 1939 390 2023 ἢ
403 1939 462 2009 ἀπὸ
475 1942 618 2031 χάρακα,
638 1944 734 2032 φόρον
748 1944 782 2008 δὲ
798 1943 852 2008 τὸν
864 1945 983 2033 καρπόν
998 1940 1162 2033 βοτρυώδη
1177 1941 1284 2027 ὅμοιον
1295 1967 1379 2029 τερε-

275 2046 388 2132 βίνθῳ,
405 2046 441 2112 ιδ
454 2048 489 2113 δὲ
502 2046 619 2137 φάλλον
632 2048 808 2124 κισσοειδίς,
822 2043 1010 2135 ἀπόμακρον.
1035 2045 1239 2136 φονευόμενον
1251 2047 1421 2128 disper-15

275 2149 326 2224 τές
346 2145 471 2235 ἀρχεται
492 2160 715 2239 καρποφορεῖν,
741 2148 871 2231 θνήσκει
895 2152 929 2214 δὲ
950 2152 1097 2224 ἀκταετίς.
1122 2146 1276 2233 τρυγηθέν
1292 2144 1326 2210 δὲ
1340 2146 1377 2211 οὗ

276 2250 466 2337 φρυγόμενον
480 2255 662 2334 μελαίνεται,
680 2252 745 2315 ἀλλ’
764 2252 797 2315 ἔκ
813 2256 867 2317 τοῦ
882 2252 914 2317 ἓν
928 2257 971 2339 τῷ
984 2248 1059 2341 ἡλίῳ
1075 2252 1286 2330 διατίθεσθαι,
1302 2246 1377 2315 ὅθεν

274 2354 435 2434 συμβαίνει
450 2354 487 2421 τὸ
502 2351 690 2437 σκιόψυκτον
703 2354 811 2421 λευκόν
824 2354 1002 2438 διαμένειν.η

378 2456 436 2525 13.
489 2462 539 2543 Τῇ
560 2457 619 2535 noh
637 2459 792 2525 δεκαοκτὼ
810 2461 968 2523 καλανδῶν
986 2457 1205 2544 Φεβρουαρίων
1222 2453 1378 2540 ἀνεμομα-

70 2559 72 2566 ’
175 2590 204 2645 p.
222 2572 256 2628 65
269 2557 341 2640 χίαν
354 2556 371 2623 ό
386 2556 520 2647 Βάρρων
533 2562 610 2644 λίγει
628 2563 778 2646 γίνεσθαι,
805 2560 1003 2648 Δημόκριτος
1017 2561 1051 2626 δὲ
1065 2560 1120 2626 τὸν
1135 2562 1208 2642 λίβα
1219 2558 1299 2642 μετά
1315 2556 1421 2643 lips-20

271 2667 351 2749 βρου
366 2664 442 2751 φησὶ
459 2665 609 2748 γίνεσθαι.

375 2766 404 2831 ei
429 2765 598 2855 φιλόσοφοί
617 2790 696 2854 φασι
713 2759 907 2852 Διοσκόρους
928 2761 1002 2831 είνιιι
1022 2764 1058 2830 τό
1072 2760 1132 2831 ἀπὸ
1155 2768 1212 2849 γῆν
1232 2763 1283 2829 καὶ
1300 2759 1376 2849 δπέρ

269 2873 330 2955 γῆν
349 2864 566 2959 ἡμισφαίριον·
604 2875 764 2936 τελευτῶσι
786 2870 821 2935 δὲ
844 2868 1016 2952 ἀμοιβαδὸν
1038 2873 1182 2951 μυθικῶς
1204 2866 1293 2933 οἱονεὶ
1314 2864 1375 2956 ξιτεδ

343 3046 362 3101 4
376 3044 479 3115 χαλάζῃ
496 3050 566 3117 epod
585 3048 617 3101 S.
721 3046 738 3100 8
757 3039 792 3100 ὃν
806 3046 972 3102 Roetherusr
985 3045 1055 3115 apud
1068 3036 1120 3099 Sd
1223 3040 1283 3099 9εί
1291 3038 1329 3111 με)
1339 3070 1376 3084 -·

344 3110 447 3187 άλιφῇ]
465 3116 528 3171 libri
542 3111 774 3187 εἴκει-ἀλοιφῇ.
844 3177 847 3182 ,
877 3119 911 3172 17
929 3109 1000 3169 ὅθεν
1019 3132 1061 3168 oro
1078 3114 1111 3168 Ρ.

272 3270 395 3335 stabant3
412 3270 524 3341 septimo
539 3275 625 3325 autem
636 3270 748 3325 hiemen
761 3270 866 3323 omnino
880 3267 1007 3339 (frigidos
1020 3265 1090 3321 enim
1096 3266 1239 3333 Saturnus)
1248 3264 1375 3320 fertilita-

271 3347 378 3408 ternque
395 3356 472 3408 quarn
489 3342 635 3408 maximam,
653 3340 865 3411 quandoquidem
879 3355 989 3410 praeses
1002 3338 1107 3406 frugum
1122 3335 1167 3390 ille
1183 3354 1243 3416 esse
1255 3343 1373 3405 putatur,

272 3410 430 3477 morbosque
444 3418 472 3462 et
482 3410 601 3479 pericula
614 3418 643 3465 et
652 3420 746 3465 ventos
759 3417 871 3477 aestate,
883 3408 1071 3479 grandinisque
1083 3408 1207 3477 inpetum
1219 3421 1291 3457 circa
1301 3404 1372 3455 Can-

273 3493 355 3543 crum,
374 3487 403 3532 et
418 3494 548 3532 rumorem
566 3482 646 3533 rebus
665 3480 829 3549 insperatum
841 3475 1047 3547 augurabanthr.

342 3549 386 3599 11.
420 3547 512 3601 Simile
525 3556 613 3602 eutem
629 3547 659 3599 vi
673 3551 785 3618 quadam
801 3538 900 3600 sertin
918 3566 978 3599 esse
995 3542 1110 3613 magneti
1126 3542 1205 3596 l'aoile
1222 3543 1265 3593 est
1281 3540 1315 3593 ad
1328 3537 1373 3623 in·

272 3611 457 3681 telligendunrz
483 3620 606 3673 effossum
626 3616 695 3670 eninr
720 3636 753 3670 ex
772 3636 805 3669 eo
832 3618 931 3670 ferrum
954 3613 1036 3668 nihilo
1059 3612 1143 3666 minus
1162 3629 1196 3665 ex
1214 3609 1266 3663 elio
1283 3608 1373 3678 leprde

270 3685 395 3737 effossum
413 3685 528 3753 ferrum,
548 3688 582 3741 ad
600 3688 670 3756 quod
688 3695 901 3752 transmovetur,
920 3683 971 3738 alio
990 3684 1132 3749 transfert,
1157 3689 1185 3735 et
1208 3697 1274 3734 vero
1300 3678 1372 3732 cedit

268 3760 403 3821 unguento
418 3771 452 3805 ex
469 3772 608 3823 caeparum
621 3773 698 3810 succo
717 3756 849 3821 confecto,
869 3763 900 3808 ut
911 3753 1030 3824 physicis
1042 3753 1162 3807 videturr
1179 3766 1271 3806 rursus
1284 3757 1371 3803 autem

269 3840 364 3877 eruore
380 3821 481 3876 hircino
499 3824 523 3876 si
537 3826 643 3895 ungitur
661 3842 777 3893 magnes,
793 3824 945 3879 attrahendi
960 3823 1014 3878 vim
1028 3823 1134 3892 recipit.

341 3894 384 3946 12.
419 3892 459 3947 De
471 3892 567 3974 pipere
580 3894 709 3949 Maximus
723 3895 790 3950 dicit
801 3889 906 3948 ''Arbor
920 3903 963 3948 est
974 3893 1084 3963 primum
1098 3909 1151 3945 non
1163 3889 1290 3954 aculeata,
1301 3903 1370 3955 quae

268 3960 364 4015 colitur
381 3967 413 4015 ut
430 3962 509 4028 vitos,
528 3963 563 4015 ad
585 3964 649 4015 alias
664 3967 773 4019 arbores
793 3964 900 4031 alligate
916 3962 961 4016 rel
979 3965 1028 4015 sub
1050 3960 1124 4030 polo,
1143 3968 1171 4013 et
1186 3961 1299 4012 fructum
1315 3957 1370 4008 lert

269 4048 432 4084 racemosum
445 4030 565 4085 similiter
577 4049 608 4085 ao
620 4036 801 4097 terebinthus3
819 4033 910 4086 folium
925 4039 968 4085 est
980 4031 1095 4086 hederae
1109 4028 1202 4096 simile,
1216 4027 1369 4093 oblongum

270 4100 295 4153 ei
309 4109 396 4153 autern
410 4101 516 4169 seritur,
534 4109 595 4170 post
611 4100 751 4157 trienninm
767 4104 868 4157 [ructus
883 4104 955 4154 ferro
968 4099 1072 4168 incipit,
1089 4108 1182 4153 ootavo
1197 4106 1283 4150 autem
1300 4111 1369 4147 enno

270 4168 396 4232 moritur3
413 4172 564 4239 decerptum
577 4178 662 4222 autern
676 4173 754 4239 piper
773 4189 825 4223 non
843 4172 968 4224 torrendo
984 4170 1088 4239 nigrum
1112 4169 1158 4234 lit,
1176 4167 1224 4219 sed
1246 4166 1368 4234 ponendo

269 4237 299 4292 in
315 4237 380 4305 sole,
394 4240 464 4292 unde
482 4240 514 4293 fn
528 4248 558 4293 ut
574 4239 646 4304 illud,
663 4242 733 4309 quod
747 4240 775 4292 in
794 4242 886 4293 umbra
898 4240 1023 4293 siccatum
1037 4248 1087 4304 est,
1101 4245 1205 4289 maneat
1219 4230 1333 4289 album?

342 4309 384 4361 13.
420 4307 453 4360 Α.
472 4310 499 4362 d.
516 4310 548 4363 18
559 4308 682 4362 kalendas
697 4309 859 4362 Februarias
872 4319 1010 4363 ventorum
1024 4325 1137 4378 pugnam
1147 4306 1233 4359 Varro
1246 4304 1287 4359 eit
1298 4304 1367 4371 lieri,

272 4375 438 4431 Democritus
458 4387 543 4431 autem
560 4379 676 4432 Africum
693 4378 854 4447 compluvia
872 4379 910 4432 ait
927 4379 1036 4431 exoriri.

339 4446 496 4519 Philosophi
506 4449 649 4504 Dioscoroe
662 4449 752 4506 dicurrt
764 4465 824 4504 esse
837 4457 925 4504 terras
938 4445 1157 4519 hemisphaerium
1166 4443 1278 4501 inierim
1287 4450 1367 4515 etque
