<?xml version="1.0" encoding="UTF-8"?>
<!DOCTYPE html PUBLIC "-//W3C//DTD XHTML 1.0 Transitional//EN"
    "http://www.w3.org/TR/xhtml1/DTD/xhtml1-transitional.dtd">
<html xmlns="http://www.w3.org/1999/xhtml" xml:lang="en" lang="en">
 <head>
  <title>
</title>
<meta http-equiv="Content-Type" content="text/html;charset=utf-8" />
  <meta name='ocr-system' content='tesseract 3.04.00' />
  <meta name='ocr-capabilities' content='ocr_page ocr_carea ocr_par ocr_line ocrx_word'/>
</head>
<body>
  <div class='ocr_page' id='page_1' title='image "./corpusscriptoru25theogoog_0286.png"; bbox 0 0 3125 4959; ppageno 0'>
   <div class='ocr_carea' id='block_1_1' title="bbox 186 419 940 507">
    <p class='ocr_par' dir='ltr' id='par_1_1' title="bbox 186 419 940 507">
     <span class='ocr_line' id='line_1_1' title="bbox 186 419 940 507; baseline -0.009 -12"><span class='ocrx_word' id='word_1_1' title='bbox 186 499 189 507; x_wconf 62' lang='grc'><strong><em>,</em></strong></span> <span class='ocrx_word' id='word_1_2' title='bbox 242 423 317 494; x_wconf 78' lang='lat'>210</span> <span class='ocrx_word' id='word_1_3' title='bbox 641 419 813 490; x_wconf 79' lang='lat' dir='ltr'>losuuls</span> <span class='ocrx_word' id='word_1_4' title='bbox 839 420 940 489; x_wconf 84' lang='lat' dir='ltr'>LYDl</span> 
     </span>
    </p>
   </div>
   <div class='ocr_carea' id='block_1_2' title="bbox 224 588 1378 1812">
    <p class='ocr_par' dir='ltr' id='par_1_2' title="bbox 224 588 1378 1812">
     <span class='ocr_line' id='line_1_2' title="bbox 344 588 1337 680; baseline -0.006 -16"><span class='ocrx_word' id='word_1_5' title='bbox 344 595 402 665; x_wconf 83' lang='lat'>16.</span> <span class='ocrx_word' id='word_1_6' title='bbox 452 591 521 674; x_wconf 82' lang='grc' dir='ltr'>Δόο</span> <span class='ocrx_word' id='word_1_7' title='bbox 536 595 591 662; x_wconf 85' lang='grc' dir='ltr'>τόν</span> <span class='ocrx_word' id='word_1_8' title='bbox 604 593 740 680; x_wconf 72' lang='grc' dir='ltr'><strong><em>ἀριθμόν</em></strong></span> <span class='ocrx_word' id='word_1_9' title='bbox 753 593 870 673; x_wconf 69' lang='grc' dir='ltr'><strong><em>αὐτῶν,</em></strong></span> <span class='ocrx_word' id='word_1_10' title='bbox 893 591 938 672; x_wconf 77' lang='grc' dir='ltr'>ὡς</span> <span class='ocrx_word' id='word_1_11' title='bbox 948 591 1090 680; x_wconf 55' lang='lat' dir='ltr'>{minuta</span> <span class='ocrx_word' id='word_1_12' title='bbox 1100 588 1248 672; x_wconf 73' lang='grc' dir='ltr'><strong><em>είπόνττς,</em></strong></span> <span class='ocrx_word' id='word_1_13' title='bbox 1264 617 1337 680; x_wconf 81' lang='grc' dir='ltr'><strong><em>τυγ-</em></strong></span> 
     </span>
     <span class='ocr_line' id='line_1_3' title="bbox 237 692 1337 786; baseline -0.003 -22"><span class='ocrx_word' id='word_1_14' title='bbox 237 698 392 784; x_wconf 84' lang='grc' dir='ltr'><strong><em>χανόντων</em></strong></span> <span class='ocrx_word' id='word_1_15' title='bbox 403 698 673 786; x_wconf 86' lang='grc' dir='ltr'><strong><em>κομμενταρισίων,</em></strong></span> <span class='ocrx_word' id='word_1_16' title='bbox 693 694 774 775; x_wconf 75' lang='grc' dir='ltr'><strong><em>οόςό</em></strong></span> <span class='ocrx_word' id='word_1_17' title='bbox 786 695 896 784; x_wconf 77' lang='grc' dir='ltr'><strong><em>χρόνος</em></strong></span> <span class='ocrx_word' id='word_1_18' title='bbox 905 701 942 765; x_wconf 67' lang='grc' dir='ltr'>ἐκ</span> <span class='ocrx_word' id='word_1_19' title='bbox 954 702 1016 762; x_wconf 83' lang='grc' dir='ltr'>τῶν</span> <span class='ocrx_word' id='word_1_20' title='bbox 1030 693 1237 785; x_wconf 81' lang='grc' dir='ltr'><strong><em>ταχυγρόφων</em></strong></span> <span class='ocrx_word' id='word_1_21' title='bbox 1250 692 1337 783; x_wconf 66' lang='lat' dir='ltr'>ipsos</span> 
     </span>
     <span class='ocr_line' id='line_1_4' title="bbox 239 791 1336 890; baseline -0.003 -21"><span class='ocrx_word' id='word_1_22' title='bbox 239 809 300 886; x_wconf 84' lang='grc' dir='ltr'>τῆς</span> <span class='ocrx_word' id='word_1_23' title='bbox 310 803 488 890; x_wconf 76' lang='grc' dir='ltr'><strong><em>φροντίδος,</em></strong></span> <span class='ocrx_word' id='word_1_24' title='bbox 512 799 547 880; x_wconf 44' lang='grc' dir='ltr'>(ἔξ</span> <span class='ocrx_word' id='word_1_25' title='bbox 560 803 613 867; x_wconf 79' lang='grc' dir='ltr'>καί</span> <span class='ocrx_word' id='word_1_26' title='bbox 629 791 747 879; x_wconf 75' lang='grc' dir='ltr'><strong><em>αὐτοῖς,</em></strong></span> <span class='ocrx_word' id='word_1_27' title='bbox 765 800 908 888; x_wconf 72' lang='grc' dir='ltr'><strong><em>καθάπερ</em></strong></span> <span class='ocrx_word' id='word_1_28' title='bbox 921 809 986 878; x_wconf 77' lang='grc' dir='ltr'><strong><em>τοῖς</em></strong></span> <span class='ocrx_word' id='word_1_29' title='bbox 999 798 1059 886; x_wconf 84' lang='grc' dir='ltr'>πρό</span> <span class='ocrx_word' id='word_1_30' title='bbox 1073 799 1192 878; x_wconf 78' lang='grc' dir='ltr'><strong><em>αότιόν,</em></strong></span> <span class='ocrx_word' id='word_1_31' title='bbox 1209 795 1336 885; x_wconf 77' lang='grc' dir='ltr'><strong><em>όπίτρε-</em></strong></span> 
     </span>
     <span class='ocr_line' id='line_1_5' title="bbox 235 898 1337 990; baseline -0.005 -19"><span class='ocrx_word' id='word_1_32' title='bbox 235 930 294 990; x_wconf 88' lang='grc' dir='ltr'>χον</span> <span class='ocrx_word' id='word_1_33' title='bbox 313 906 447 989; x_wconf 65' lang='grc' dir='ltr'><strong><em>βοηθοί,</em></strong></span> <span class='ocrx_word' id='word_1_34' title='bbox 472 905 507 969; x_wconf 73' lang='grc' dir='ltr'>ἐκ</span> <span class='ocrx_word' id='word_1_35' title='bbox 527 911 584 970; x_wconf 82' lang='grc' dir='ltr'>τοῦ</span> <span class='ocrx_word' id='word_1_36' title='bbox 602 901 756 989; x_wconf 77' lang='grc' dir='ltr'>τάγματος</span> <span class='ocrx_word' id='word_1_37' title='bbox 772 911 834 970; x_wconf 83' lang='grc' dir='ltr'><strong><em>τιόν</em></strong></span> <span class='ocrx_word' id='word_1_38' title='bbox 848 905 1087 990; x_wconf 75' lang='grc' dir='ltr'><strong><em>Αὖγουυταλίαν</em></strong></span> <span class='ocrx_word' id='word_1_39' title='bbox 1098 898 1337 990; x_wconf 68' lang='grc' dir='ltr'><strong><em>προσλαμβανό-</em></strong></span> 
     </span>
     <span class='ocr_line' id='line_1_6' title="bbox 237 1004 1362 1096; baseline -0.005 -22"><span class='ocrx_word' id='word_1_40' title='bbox 237 1033 342 1093; x_wconf 88' lang='grc' dir='ltr'><strong><em>μενοι,</em></strong></span> <span class='ocrx_word' id='word_1_41' title='bbox 367 1007 477 1093; x_wconf 74' lang='grc' dir='ltr'><strong><em>ἄνδρες</em></strong></span> <span class='ocrx_word' id='word_1_42' title='bbox 501 1006 663 1094; x_wconf 80' lang='grc' dir='ltr'><strong><em>ἀστεμφεΐς</em></strong></span> <span class='ocrx_word' id='word_1_43' title='bbox 677 1010 728 1075; x_wconf 82' lang='grc' dir='ltr'>καί</span> <span class='ocrx_word' id='word_1_44' title='bbox 744 1005 829 1096; x_wconf 78' lang='grc' dir='ltr'><strong><em>νόμῳ</em></strong></span> <span class='ocrx_word' id='word_1_45' title='bbox 842 1010 1017 1096; x_wconf 71' lang='grc' dir='ltr'><strong><em>πρέπουσαν</em></strong></span> <span class='ocrx_word' id='word_1_46' title='bbox 1033 1005 1201 1095; x_wconf 72' lang='grc' dir='ltr'><strong><em>αὐστηρίαν</em></strong></span> <span class='ocrx_word' id='word_1_47' title='bbox 1212 1004 1362 1072; x_wconf 69' lang='grc' dir='ltr'><strong><em>ἄκοντί-5</em></strong></span> 
     </span>
     <span class='ocr_line' id='line_1_7' title="bbox 237 1097 1338 1197; baseline -0.004 -19"><span class='ocrx_word' id='word_1_48' title='bbox 237 1136 355 1188; x_wconf 83' lang='grc' dir='ltr'><strong><em>νοντες,</em></strong></span> <span class='ocrx_word' id='word_1_49' title='bbox 380 1110 457 1196; x_wconf 82' lang='grc' dir='ltr'><strong><em>παρ’</em></strong></span> <span class='ocrx_word' id='word_1_50' title='bbox 481 1105 529 1187; x_wconf 78' lang='grc' dir='ltr'>οἷς</span> <span class='ocrx_word' id='word_1_51' title='bbox 545 1107 742 1196; x_wconf 76' lang='grc' dir='ltr'><strong><em>ίτόγχανενῆ</em></strong></span> <span class='ocrx_word' id='word_1_52' title='bbox 765 1119 851 1178; x_wconf 80' lang='grc' dir='ltr'><strong><em>πᾶσα</em></strong></span> <span class='ocrx_word' id='word_1_53' title='bbox 871 1109 1003 1195; x_wconf 83' lang='grc' dir='ltr'><strong><em>όόναμις</em></strong></span> <span class='ocrx_word' id='word_1_54' title='bbox 1022 1115 1078 1192; x_wconf 81' lang='grc' dir='ltr'>τῆς</span> <span class='ocrx_word' id='word_1_55' title='bbox 1097 1109 1202 1197; x_wconf 81' lang='grc' dir='ltr'><strong><em>όρχῆς.</em></strong></span> <span class='ocrx_word' id='word_1_56' title='bbox 1250 1097 1338 1174; x_wconf 70' lang='grc' dir='ltr'><strong><em>οὗτοι</em></strong></span> 
     </span>
     <span class='ocr_line' id='line_1_8' title="bbox 237 1208 1364 1303; baseline -0.003 -25"><span class='ocrx_word' id='word_1_57' title='bbox 237 1213 295 1290; x_wconf 79' lang='grc' dir='ltr'>τάς</span> <span class='ocrx_word' id='word_1_58' title='bbox 317 1215 374 1295; x_wconf 76' lang='grc' dir='ltr'>μὲν</span> <span class='ocrx_word' id='word_1_59' title='bbox 396 1213 618 1298; x_wconf 78' lang='grc' dir='ltr'><strong><em>ε’γκληματικός</em></strong></span> <span class='ocrx_word' id='word_1_60' title='bbox 630 1212 780 1293; x_wconf 68' lang='grc' dir='ltr'><strong><em>ἐξετάσεις</em></strong></span> <span class='ocrx_word' id='word_1_61' title='bbox 791 1215 902 1303; x_wconf 64' lang='grc' dir='ltr'><strong><em>ἔφερον</em></strong></span> <span class='ocrx_word' id='word_1_62' title='bbox 916 1221 961 1303; x_wconf 72' lang='grc' dir='ltr'>τῷ</span> <span class='ocrx_word' id='word_1_63' title='bbox 976 1214 1177 1302; x_wconf 74' lang='grc' dir='ltr'><strong><em>δικαστηρίῳ,</em></strong></span> <span class='ocrx_word' id='word_1_64' title='bbox 1198 1208 1337 1277; x_wconf 69' lang='grc' dir='ltr'><strong><em>άποοιιιν</em></strong></span> <span class='ocrx_word' id='word_1_65' title='bbox 1361 1261 1364 1264; x_wconf 67' lang='lat'><strong>.</strong></span> 
     </span>
     <span class='ocr_line' id='line_1_9' title="bbox 224 1313 1336 1405; baseline -0.002 -25"><span class='ocrx_word' id='word_1_66' title='bbox 224 1314 348 1395; x_wconf 76' lang='grc' dir='ltr'><strong><em>’ζόντων</em></strong></span> <span class='ocrx_word' id='word_1_67' title='bbox 363 1316 477 1394; x_wconf 74' lang='grc' dir='ltr'><strong><em>αὐτοῖς,</em></strong></span> <span class='ocrx_word' id='word_1_68' title='bbox 503 1313 545 1394; x_wconf 78' lang='grc' dir='ltr'>ὡς</span> <span class='ocrx_word' id='word_1_69' title='bbox 557 1319 745 1404; x_wconf 80' lang='grc' dir='ltr'><strong><em>προίφαμεν,</em></strong></span> <span class='ocrx_word' id='word_1_70' title='bbox 771 1317 988 1405; x_wconf 82' lang='grc' dir='ltr'><strong><em>άτιλικιταρίων</em></strong></span> <span class='ocrx_word' id='word_1_71' title='bbox 999 1317 1051 1382; x_wconf 83' lang='grc' dir='ltr'>καί</span> <span class='ocrx_word' id='word_1_72' title='bbox 1064 1316 1336 1401; x_wconf 75' lang='grc' dir='ltr'><strong><em>κλοβικουλαρίων,</em></strong></span> 
     </span>
     <span class='ocr_line' id='line_1_10' title="bbox 234 1413 1336 1506; baseline -0.002 -22"><span class='ocrx_word' id='word_1_73' title='bbox 234 1418 313 1500; x_wconf 83' lang='grc' dir='ltr'><strong><em>μετά</em></strong></span> <span class='ocrx_word' id='word_1_74' title='bbox 325 1465 337 1483; x_wconf 92' lang='grc'><strong>.</strong></span> <span class='ocrx_word' id='word_1_75' title='bbox 346 1465 373 1484; x_wconf 82' lang='grc'>..</span> <span class='ocrx_word' id='word_1_76' title='bbox 386 1416 583 1506; x_wconf 74' lang='grc' dir='ltr'><strong><em>ῥαβδούχων,</em></strong></span> <span class='ocrx_word' id='word_1_77' title='bbox 609 1422 760 1506; x_wconf 81' lang='grc' dir='ltr'><strong><em>σιάηρίοις</em></strong></span> <span class='ocrx_word' id='word_1_78' title='bbox 775 1423 898 1504; x_wconf 84' lang='grc' dir='ltr'><strong><em>όεσμοῖς</em></strong></span> <span class='ocrx_word' id='word_1_79' title='bbox 911 1423 963 1485; x_wconf 82' lang='grc' dir='ltr'>καί</span> <span class='ocrx_word' id='word_1_80' title='bbox 973 1418 1120 1484; x_wconf 85' lang='grc' dir='ltr'><strong><em>ποιναίων</em></strong></span> <span class='ocrx_word' id='word_1_81' title='bbox 1134 1413 1271 1505; x_wconf 76' lang='grc' dir='ltr'><strong><em>ὀργάνων</em></strong></span> <span class='ocrx_word' id='word_1_82' title='bbox 1280 1417 1336 1482; x_wconf 81' lang='grc' dir='ltr'>καί</span> 
     </span>
     <span class='ocr_line' id='line_1_11' title="bbox 233 1513 1378 1613; baseline 0 -28"><span class='ocrx_word' id='word_1_83' title='bbox 233 1519 394 1608; x_wconf 76' lang='grc' dir='ltr'><strong><em>πλήκτρων</em></strong></span> <span class='ocrx_word' id='word_1_84' title='bbox 415 1524 549 1613; x_wconf 82' lang='grc' dir='ltr'><strong><em>ποικιλίρ</em></strong></span> <span class='ocrx_word' id='word_1_85' title='bbox 569 1513 756 1590; x_wconf 79' lang='grc' dir='ltr'><strong><em>σαλευόντων</em></strong></span> <span class='ocrx_word' id='word_1_86' title='bbox 771 1531 817 1612; x_wconf 75' lang='grc' dir='ltr'>τῷ</span> <span class='ocrx_word' id='word_1_87' title='bbox 832 1523 922 1612; x_wconf 77' lang='grc' dir='ltr'><strong><em>φόβῳ</em></strong></span> <span class='ocrx_word' id='word_1_88' title='bbox 937 1521 973 1588; x_wconf 85' lang='grc' dir='ltr'>τό</span> <span class='ocrx_word' id='word_1_89' title='bbox 989 1517 1200 1609; x_wconf 73' lang='grc' dir='ltr'><strong><em>δικαστήριον·</em></strong></span> <span class='ocrx_word' id='word_1_90' title='bbox 1218 1521 1334 1604; x_wconf 68' lang='lat' dir='ltr'>duasn-</span> <span class='ocrx_word' id='word_1_91' title='bbox 1342 1529 1378 1586; x_wconf 83' lang='grc'>10</span> 
     </span>
     <span class='ocr_line' id='line_1_12' title="bbox 233 1621 1335 1715; baseline 0.001 -26"><span class='ocrx_word' id='word_1_92' title='bbox 233 1627 347 1711; x_wconf 87' lang='grc' dir='ltr'><strong><em>ναρίων</em></strong></span> <span class='ocrx_word' id='word_1_93' title='bbox 367 1626 401 1690; x_wconf 70' lang='lat' dir='ltr'>di</span> <span class='ocrx_word' id='word_1_94' title='bbox 420 1635 529 1715; x_wconf 75' lang='grc' dir='ltr'><strong><em>στῖφος</em></strong></span> <span class='ocrx_word' id='word_1_95' title='bbox 547 1628 673 1708; x_wconf 73' lang='grc' dir='ltr'><strong><em>θέμενοι</em></strong></span> <span class='ocrx_word' id='word_1_96' title='bbox 685 1629 743 1692; x_wconf 80' lang='grc' dir='ltr'><strong><em>’καί</em></strong></span> <span class='ocrx_word' id='word_1_97' title='bbox 755 1630 852 1714; x_wconf 79' lang='grc' dir='ltr'><strong><em>χωρίς</em></strong></span> <span class='ocrx_word' id='word_1_98' title='bbox 865 1627 1029 1706; x_wconf 77' lang='grc' dir='ltr'><strong><em>αόθεντίας</em></strong></span> <span class='ocrx_word' id='word_1_99' title='bbox 1042 1632 1097 1693; x_wconf 77' lang='grc' dir='ltr'>τοῦ</span> <span class='ocrx_word' id='word_1_100' title='bbox 1112 1621 1208 1709; x_wconf 86' lang='grc' dir='ltr'><strong><em>νόμον</em></strong></span> <span class='ocrx_word' id='word_1_101' title='bbox 1220 1621 1335 1712; x_wconf 76' lang='grc' dir='ltr'><strong><em>ἤρκουν</em></strong></span> 
     </span>
     <span class='ocr_line' id='line_1_13' title="bbox 234 1724 804 1812; baseline 0.004 -23"><span class='ocrx_word' id='word_1_102' title='bbox 234 1725 313 1811; x_wconf 83' lang='grc' dir='ltr'><strong><em>πρὸς</em></strong></span> <span class='ocrx_word' id='word_1_103' title='bbox 331 1726 546 1812; x_wconf 75' lang='grc' dir='ltr'><strong><em>σωφρονισμόν</em></strong></span> <span class='ocrx_word' id='word_1_104' title='bbox 565 1724 804 1811; x_wconf 80' lang='grc' dir='ltr'><strong><em>ἁμαρτάνουσιν.</em></strong></span> 
     </span>
    </p>
   </div>
   <div class='ocr_carea' id='block_1_3' title="bbox 218 1856 1409 2771">
    <p class='ocr_par' dir='ltr' id='par_1_3' title="bbox 218 1856 1409 2771">
     <span class='ocr_line' id='line_1_14' title="bbox 340 1856 1335 1946; baseline -0.006 -18"><span class='ocrx_word' id='word_1_105' title='bbox 340 1857 397 1928; x_wconf 88' lang='grc'>17.</span> <span class='ocrx_word' id='word_1_106' title='bbox 444 1859 523 1946; x_wconf 78' lang='grc' dir='ltr'><strong><em>Ἔγιό</em></strong></span> <span class='ocrx_word' id='word_1_107' title='bbox 537 1861 570 1926; x_wconf 75' lang='grc' dir='ltr'>δὲ</span> <span class='ocrx_word' id='word_1_108' title='bbox 582 1857 785 1944; x_wconf 80' lang='grc' dir='ltr'><strong><em>ίκπλῆττομαι</em></strong></span> <span class='ocrx_word' id='word_1_109' title='bbox 796 1859 962 1936; x_wconf 47' lang='grc' dir='ltr'><strong><em>’ἀνατολῶν</em></strong></span> <span class='ocrx_word' id='word_1_110' title='bbox 977 1883 1070 1926; x_wconf 91' lang='grc' dir='ltr'><strong><em>...τα</em></strong></span> <span class='ocrx_word' id='word_1_111' title='bbox 1079 1863 1156 1924; x_wconf 76' lang='lat' dir='ltr'>ausis</span> <span class='ocrx_word' id='word_1_112' title='bbox 1167 1856 1245 1946; x_wconf 78' lang='grc' dir='ltr'><strong><em>πρὸς</em></strong></span> <span class='ocrx_word' id='word_1_113' title='bbox 1254 1856 1335 1924; x_wconf 74' lang='grc' dir='ltr'><strong><em>ἐκεί-</em></strong></span> 
     </span>
     <span class='ocr_line' id='line_1_15' title="bbox 231 1955 1334 2050; baseline -0.001 -22"><span class='ocrx_word' id='word_1_114' title='bbox 231 1987 304 2040; x_wconf 88' lang='grc' dir='ltr'><strong><em>νους</em></strong></span> <span class='ocrx_word' id='word_1_115' title='bbox 325 1963 398 2040; x_wconf 77' lang='grc' dir='ltr'><strong><em>τοὺς</em></strong></span> <span class='ocrx_word' id='word_1_116' title='bbox 417 1960 536 2049; x_wconf 84' lang='grc' dir='ltr'><strong><em>-ίίνόρας</em></strong></span> <span class='ocrx_word' id='word_1_117' title='bbox 560 1962 749 2050; x_wconf 79' lang='grc' dir='ltr'><strong><em>άνατρίχων,</em></strong></span> <span class='ocrx_word' id='word_1_118' title='bbox 772 1959 837 2040; x_wconf 81' lang='grc' dir='ltr'><strong><em>οίος</em></strong></span> <span class='ocrx_word' id='word_1_119' title='bbox 858 1955 895 2046; x_wconf 81' lang='grc' dir='ltr'>ἦν</span> <span class='ocrx_word' id='word_1_120' title='bbox 910 1960 927 2027; x_wconf 86' lang='grc' dir='ltr'><strong><em>ό</em></strong></span> <span class='ocrx_word' id='word_1_121' title='bbox 943 1961 1042 2050; x_wconf 77' lang='grc' dir='ltr'><strong><em>φόβος</em></strong></span> <span class='ocrx_word' id='word_1_122' title='bbox 1053 1968 1116 2027; x_wconf 82' lang='grc' dir='ltr'>τῶν</span> <span class='ocrx_word' id='word_1_123' title='bbox 1130 1986 1334 2048; x_wconf 86' lang='grc' dir='ltr'><strong><em>κομμενταρι-</em></strong></span> 
     </span>
     <span class='ocr_line' id='line_1_16' title="bbox 230 2061 1375 2152; baseline 0.003 -21"><span class='ocrx_word' id='word_1_124' title='bbox 230 2067 304 2132; x_wconf 92' lang='grc' dir='ltr'><strong><em>σίων</em></strong></span> <span class='ocrx_word' id='word_1_125' title='bbox 326 2064 411 2152; x_wconf 84' lang='grc' dir='ltr'><strong><em>παρά</em></strong></span> <span class='ocrx_word' id='word_1_126' title='bbox 433 2073 509 2130; x_wconf 82' lang='grc' dir='ltr'><strong><em>πᾶσι</em></strong></span> <span class='ocrx_word' id='word_1_127' title='bbox 532 2067 588 2148; x_wconf 76' lang='grc' dir='ltr'>μὲν</span> <span class='ocrx_word' id='word_1_128' title='bbox 607 2077 672 2143; x_wconf 82' lang='grc' dir='ltr'><strong><em>τοῖς</em></strong></span> <span class='ocrx_word' id='word_1_129' title='bbox 691 2063 829 2132; x_wconf 79' lang='grc' dir='ltr'><strong><em>όίτωσοῦν</em></strong></span> <span class='ocrx_word' id='word_1_130' title='bbox 844 2063 1021 2151; x_wconf 72' lang='grc' dir='ltr'><strong><em>ἡγουμένοις</em></strong></span> <span class='ocrx_word' id='word_1_131' title='bbox 1035 2071 1091 2149; x_wconf 78' lang='grc' dir='ltr'>τῆς</span> <span class='ocrx_word' id='word_1_132' title='bbox 1103 2061 1218 2143; x_wconf 83' lang='grc' dir='ltr'><strong><em>τάξεως</em></strong></span> <span class='ocrx_word' id='word_1_133' title='bbox 1223 2113 1234 2144; x_wconf 97' lang='grc'><strong><em>,</em></strong></span> <span class='ocrx_word' id='word_1_134' title='bbox 1259 2068 1375 2134; x_wconf 80' lang='lat' dir='ltr'>dou-15</span> 
     </span>
     <span class='ocr_line' id='line_1_17' title="bbox 230 2166 1332 2256; baseline 0 -22"><span class='ocrx_word' id='word_1_135' title='bbox 230 2166 384 2256; x_wconf 83' lang='grc' dir='ltr'><strong><em>φερόντως</em></strong></span> <span class='ocrx_word' id='word_1_136' title='bbox 396 2169 438 2233; x_wconf 62' lang='lat' dir='ltr'>‘ds&#39;</span> <span class='ocrx_word' id='word_1_137' title='bbox 458 2168 544 2254; x_wconf 81' lang='grc' dir='ltr'><strong><em>παρά</em></strong></span> <span class='ocrx_word' id='word_1_138' title='bbox 564 2178 628 2247; x_wconf 77' lang='grc' dir='ltr'><strong><em>τοῖς</em></strong></span> <span class='ocrx_word' id='word_1_139' title='bbox 644 2170 857 2256; x_wconf 87' lang='grc' dir='ltr'><strong><em>σκρινιαρίοις,</em></strong></span> <span class='ocrx_word' id='word_1_140' title='bbox 882 2173 933 2234; x_wconf 80' lang='grc' dir='ltr'>καί</span> <span class='ocrx_word' id='word_1_141' title='bbox 948 2168 1030 2246; x_wconf 87' lang='grc' dir='ltr'><strong><em>ὅπως</em></strong></span> <span class='ocrx_word' id='word_1_142' title='bbox 1043 2169 1332 2255; x_wconf 82' lang='grc' dir='ltr'><strong><em>παραπορευομίνοο</em></strong></span> 
     </span>
     <span class='ocr_line' id='line_1_18' title="bbox 229 2268 1331 2357; baseline 0.001 -20"><span class='ocrx_word' id='word_1_143' title='bbox 229 2271 481 2356; x_wconf 86' lang='grc' dir='ltr'><strong><em>κομμενταρισίου</em></strong></span> <span class='ocrx_word' id='word_1_144' title='bbox 495 2270 595 2357; x_wconf 76' lang='grc' dir='ltr'><strong><em>τυχὼν</em></strong></span> <span class='ocrx_word' id='word_1_145' title='bbox 608 2268 728 2355; x_wconf 82' lang='grc' dir='ltr'><strong><em>ὁμιλίας</em></strong></span> <span class='ocrx_word' id='word_1_146' title='bbox 737 2271 870 2356; x_wconf 73' lang='grc' dir='ltr'><strong><em>η’ξιοῦτο.</em></strong></span> <span class='ocrx_word' id='word_1_147' title='bbox 920 2272 965 2337; x_wconf 79' lang='grc' dir='ltr'>δι’</span> <span class='ocrx_word' id='word_1_148' title='bbox 982 2272 1083 2336; x_wconf 80' lang='grc' dir='ltr'><strong><em>αότῶν</em></strong></span> <span class='ocrx_word' id='word_1_149' title='bbox 1097 2271 1158 2357; x_wconf 81' lang='grc' dir='ltr'>γὰρ</span> <span class='ocrx_word' id='word_1_150' title='bbox 1171 2271 1210 2336; x_wconf 81' lang='grc' dir='ltr'>οὗ</span> <span class='ocrx_word' id='word_1_151' title='bbox 1223 2272 1262 2338; x_wconf 82' lang='grc' dir='ltr'>τὰ</span> <span class='ocrx_word' id='word_1_152' title='bbox 1276 2279 1331 2355; x_wconf 80' lang='grc' dir='ltr'>τῆς</span> 
     </span>
     <span class='ocr_line' id='line_1_19' title="bbox 218 2371 1409 2462; baseline -0.001 -22"><span class='ocrx_word' id='word_1_153' title='bbox 218 2374 328 2461; x_wconf 63' lang='grc' dir='ltr'>κἀρχῆς</span> <span class='ocrx_word' id='word_1_154' title='bbox 347 2371 428 2459; x_wconf 91' lang='grc' dir='ltr'><strong><em>μόνα</em></strong></span> <span class='ocrx_word' id='word_1_155' title='bbox 446 2372 596 2458; x_wconf 79' lang='grc' dir='ltr'><strong><em>κινήματα</em></strong></span> <span class='ocrx_word' id='word_1_156' title='bbox 611 2375 703 2441; x_wconf 70' lang='grc' dir='ltr'><strong><em>’ἀλλά</em></strong></span> <span class='ocrx_word' id='word_1_157' title='bbox 720 2379 775 2442; x_wconf 71' lang='grc' dir='ltr'>καί</span> <span class='ocrx_word' id='word_1_158' title='bbox 791 2373 816 2460; x_wconf 67' lang='grc' dir='ltr'><em>ἢ</em></span> <span class='ocrx_word' id='word_1_159' title='bbox 831 2372 1203 2460; x_wconf 58' lang='grc' dir='ltr'><strong><em>βποάίόνξάγανάκτησις</em></strong></span> <span class='ocrx_word' id='word_1_160' title='bbox 1214 2376 1331 2462; x_wconf 60' lang='lat' dir='ltr'>{depu-</span> <span class='ocrx_word' id='word_1_161' title='bbox 1407 2424 1409 2427; x_wconf 87' lang='lat'>-</span> 
     </span>
     <span class='ocr_line' id='line_1_20' title="bbox 228 2475 1330 2565; baseline 0 -23"><span class='ocrx_word' id='word_1_162' title='bbox 228 2475 345 2544; x_wconf 85' lang='grc' dir='ltr'><strong><em>πεόετο.</em></strong></span> <span class='ocrx_word' id='word_1_163' title='bbox 395 2485 555 2565; x_wconf 77' lang='grc' dir='ltr'><strong><em>τοιγαροῦν</em></strong></span> <span class='ocrx_word' id='word_1_164' title='bbox 579 2479 637 2565; x_wconf 74' lang='grc' dir='ltr'>ἐγὼ</span> <span class='ocrx_word' id='word_1_165' title='bbox 657 2481 885 2562; x_wconf 85' lang='grc' dir='ltr'><strong><em>-όιαμίμνημαι,</em></strong></span> <span class='ocrx_word' id='word_1_166' title='bbox 918 2478 974 2562; x_wconf 72' lang='grc' dir='ltr'>τὴν</span> <span class='ocrx_word' id='word_1_167' title='bbox 994 2484 1050 2544; x_wconf 76' lang='grc' dir='ltr'>τοῦ</span> <span class='ocrx_word' id='word_1_168' title='bbox 1069 2477 1229 2562; x_wconf 72' lang='grc' dir='ltr'><strong><em>λεγομένου</em></strong></span> <span class='ocrx_word' id='word_1_169' title='bbox 1249 2502 1330 2564; x_wconf 89' lang='grc' dir='ltr'><strong><em>χαρ-</em></strong></span> 
     </span>
     <span class='ocr_line' id='line_1_21' title="bbox 227 2577 1372 2669; baseline -0.002 -22"><span class='ocrx_word' id='word_1_170' title='bbox 227 2583 391 2668; x_wconf 79' lang='grc' dir='ltr'><strong><em>τουλαρίου</em></strong></span> <span class='ocrx_word' id='word_1_171' title='bbox 405 2587 570 2665; x_wconf 80' lang='grc' dir='ltr'><strong><em>τηνικαότα</em></strong></span> <span class='ocrx_word' id='word_1_172' title='bbox 579 2580 671 2669; x_wconf 82' lang='grc' dir='ltr'><strong><em>χάριν</em></strong></span> <span class='ocrx_word' id='word_1_173' title='bbox 685 2589 809 2669; x_wconf 79' lang='grc' dir='ltr'><strong><em>πληρῶν</em></strong></span> <span class='ocrx_word' id='word_1_174' title='bbox 822 2592 886 2660; x_wconf 77' lang='grc' dir='ltr'><strong><em>τοῖς</em></strong></span> <span class='ocrx_word' id='word_1_175' title='bbox 898 2582 1169 2668; x_wconf 84' lang='grc' dir='ltr'><strong><em>κομμενταριαίοις,</em></strong></span> <span class='ocrx_word' id='word_1_176' title='bbox 1186 2577 1372 2657; x_wconf 54' lang='lat' dir='ltr'>&amp;cusu-20</span> 
     </span>
     <span class='ocr_line' id='line_1_22' title="bbox 228 2682 1328 2771; baseline -0.001 -21"><span class='ocrx_word' id='word_1_177' title='bbox 228 2686 355 2750; x_wconf 86' lang='grc' dir='ltr'><strong><em>υταοίου</em></strong></span> <span class='ocrx_word' id='word_1_178' title='bbox 378 2691 433 2748; x_wconf 84' lang='grc' dir='ltr'>τοῦ</span> <span class='ocrx_word' id='word_1_179' title='bbox 452 2686 605 2768; x_wconf 77' lang='grc' dir='ltr'><strong><em>βασιλέως</em></strong></span> <span class='ocrx_word' id='word_1_180' title='bbox 625 2686 800 2771; x_wconf 74' lang='grc' dir='ltr'><strong><em>κινηθίντος</em></strong></span> <span class='ocrx_word' id='word_1_181' title='bbox 816 2684 895 2752; x_wconf 81' lang='grc' dir='ltr'><strong><em>κατά</em></strong></span> <span class='ocrx_word' id='word_1_182' title='bbox 904 2685 1067 2765; x_wconf 82' lang='grc' dir='ltr'><strong><em>Ἀπίωνος,</em></strong></span> <span class='ocrx_word' id='word_1_183' title='bbox 1091 2682 1204 2771; x_wconf 79' lang='grc' dir='ltr'><strong><em>ἀνδρός</em></strong></span> <span class='ocrx_word' id='word_1_184' title='bbox 1215 2685 1328 2767; x_wconf 77' lang='grc' dir='ltr'><strong><em>ίξοχω-</em></strong></span> 
     </span>
    </p>
   </div>
   <div class='ocr_carea' id='block_1_4' title="bbox 207 2889 1328 3173">
    <p class='ocr_par' dir='ltr' id='par_1_4' title="bbox 297 2889 1327 2968">
     <span class='ocr_line' id='line_1_23' title="bbox 297 2889 1327 2968; baseline -0.003 -18"><span class='ocrx_word' id='word_1_185' title='bbox 297 2895 313 2950; x_wconf 87' lang='grc'><strong>1</strong></span> <span class='ocrx_word' id='word_1_186' title='bbox 339 2889 463 2962; x_wconf 77' lang='grc' dir='ltr'><strong><em>άριθμόν</em></strong></span> <span class='ocrx_word' id='word_1_187' title='bbox 485 2895 535 2950; x_wconf 78' lang='grc' dir='ltr'>καί</span> <span class='ocrx_word' id='word_1_188' title='bbox 552 2892 669 2953; x_wconf 63' lang='lat' dir='ltr'>aoros?</span> <span class='ocrx_word' id='word_1_189' title='bbox 704 2907 732 2954; x_wconf 92' lang='lat' dir='ltr'>et</span> <span class='ocrx_word' id='word_1_190' title='bbox 748 2917 808 2955; x_wconf 83' lang='lat' dir='ltr'>mox</span> <span class='ocrx_word' id='word_1_191' title='bbox 823 2895 1019 2968; x_wconf 76' lang='grc' dir='ltr'><strong><em>τυγχανόντων</em></strong></span> <span class='ocrx_word' id='word_1_192' title='bbox 1032 2897 1091 2952; x_wconf 76' lang='grc' dir='ltr'>τῶν</span> <span class='ocrx_word' id='word_1_193' title='bbox 1108 2893 1155 2948; x_wconf 71' lang='lat' dir='ltr'>a?</span> <span class='ocrx_word' id='word_1_194' title='bbox 1189 2893 1226 2946; x_wconf 79' lang='lat' dir='ltr'>cf.</span> <span class='ocrx_word' id='word_1_195' title='bbox 1243 2911 1268 2947; x_wconf 88' lang='lat' dir='ltr'>c.</span> <span class='ocrx_word' id='word_1_196' title='bbox 1282 2894 1327 2947; x_wconf 79' lang='lat'>2⁰.</span> 
     </span>
    </p>

    <p class='ocr_par' dir='ltr' id='par_1_5' title="bbox 294 2959 1327 3048">
     <span class='ocr_line' id='line_1_24' title="bbox 294 2959 1327 3048; baseline -0.003 -31"><span class='ocrx_word' id='word_1_197' title='bbox 294 2959 400 3030; x_wconf 75' lang='grc' dir='ltr'><strong><em>ἔφημεν</em></strong></span> <span class='ocrx_word' id='word_1_198' title='bbox 415 2965 448 3018; x_wconf 82' lang='lat' dir='ltr'>G.</span> <span class='ocrx_word' id='word_1_199' title='bbox 536 2968 693 3031; x_wconf 83' lang='grc' dir='ltr'>8ποο....</span> <span class='ocrx_word' id='word_1_200' title='bbox 711 2971 745 3024; x_wconf 81' lang='lat' dir='ltr'>G.</span> <span class='ocrx_word' id='word_1_201' title='bbox 828 2970 924 3037; x_wconf 80' lang='lat' dir='ltr'>9lego</span> <span class='ocrx_word' id='word_1_202' title='bbox 943 2969 1072 3026; x_wconf 73' lang='grc' dir='ltr'><strong><em>τούτους.</em></strong></span> <span class='ocrx_word' id='word_1_203' title='bbox 1089 2966 1124 3017; x_wconf 68' lang='grc' dir='ltr'>Ρ.</span> <span class='ocrx_word' id='word_1_204' title='bbox 1193 2959 1327 3048; x_wconf 46' lang='grc' dir='ltr'><strong><em>,ταινίαν</em></strong></span> 
     </span>
    </p>

    <p class='ocr_par' dir='ltr' id='par_1_6' title="bbox 207 3029 1328 3173">
     <span class='ocr_line' id='line_1_25' title="bbox 296 3029 1328 3100; baseline -0.002 -14"><span class='ocrx_word' id='word_1_205' title='bbox 296 3029 476 3099; x_wconf 83' lang='grc' dir='ltr'>όργ...ν...</span> <span class='ocrx_word' id='word_1_206' title='bbox 490 3031 637 3100; x_wconf 74' lang='grc' dir='ltr'><strong><em>πλήκτρων</em></strong></span> <span class='ocrx_word' id='word_1_207' title='bbox 649 3039 790 3098; x_wconf 79' lang='grc' dir='ltr'><strong><em>ποικιλίας</em></strong></span> <span class='ocrx_word' id='word_1_208' title='bbox 800 3032 962 3091; x_wconf 76' lang='grc' dir='ltr'><strong><em>άίευόντων</em></strong></span> <span class='ocrx_word' id='word_1_209' title='bbox 978 3036 1013 3088; x_wconf 81' lang='lat' dir='ltr'>C.</span> <span class='ocrx_word' id='word_1_210' title='bbox 1116 3032 1148 3084; x_wconf 91' lang='lat'>11</span> <span class='ocrx_word' id='word_1_211' title='bbox 1163 3031 1328 3100; x_wconf 76' lang='grc' dir='ltr'><strong><em>ανθεντίας]</em></strong></span> 
     </span>
     <span class='ocr_line' id='line_1_26' title="bbox 207 3094 1199 3173; baseline -0.001 -18"><span class='ocrx_word' id='word_1_212' title='bbox 207 3135 214 3146; x_wconf 91' lang='lat'>·</span> <span class='ocrx_word' id='word_1_213' title='bbox 294 3100 446 3154; x_wconf 88' lang='lat' dir='ltr'>coniectura</span> <span class='ocrx_word' id='word_1_214' title='bbox 461 3118 494 3154; x_wconf 82' lang='lat' dir='ltr'>ex</span> <span class='ocrx_word' id='word_1_215' title='bbox 508 3102 628 3173; x_wconf 88' lang='lat' dir='ltr'>reliquiis</span> <span class='ocrx_word' id='word_1_216' title='bbox 640 3105 786 3158; x_wconf 85' lang='lat' dir='ltr'>literarum.</span> <span class='ocrx_word' id='word_1_217' title='bbox 803 3107 839 3160; x_wconf 77' lang='lat' dir='ltr'>F.</span> <span class='ocrx_word' id='word_1_218' title='bbox 944 3103 978 3159; x_wconf 81' lang='lat'>1³</span> <span class='ocrx_word' id='word_1_219' title='bbox 992 3103 1053 3173; x_wconf 80' lang='lat' dir='ltr'>lego</span> <span class='ocrx_word' id='word_1_220' title='bbox 1068 3094 1149 3155; x_wconf 77' lang='grc' dir='ltr'><strong><em>κατὰ.</em></strong></span> <span class='ocrx_word' id='word_1_221' title='bbox 1163 3101 1199 3155; x_wconf 72' lang='lat'>1⁴¹.</span> 
     </span>
    </p>
   </div>
   <div class='ocr_carea' id='block_1_5' title="bbox 222 3287 1434 3912">
    <p class='ocr_par' dir='ltr' id='par_1_7' title="bbox 222 3287 1434 3912">
     <span class='ocr_line' id='line_1_27' title="bbox 294 3287 1325 3361; baseline -0.002 -19"><span class='ocrx_word' id='word_1_222' title='bbox 294 3287 337 3342; x_wconf 83' lang='lat'>16.</span> <span class='ocrx_word' id='word_1_223' title='bbox 372 3287 431 3343; x_wconf 90' lang='lat' dir='ltr'>Duo</span> <span class='ocrx_word' id='word_1_224' title='bbox 448 3305 525 3360; x_wconf 88' lang='lat' dir='ltr'>cum,</span> <span class='ocrx_word' id='word_1_225' title='bbox 549 3295 579 3344; x_wconf 90' lang='lat' dir='ltr'>ut</span> <span class='ocrx_word' id='word_1_226' title='bbox 597 3307 678 3361; x_wconf 85' lang='lat' dir='ltr'>supra</span> <span class='ocrx_word' id='word_1_227' title='bbox 696 3290 857 3361; x_wconf 86' lang='lat' dir='ltr'>rettulimus,</span> <span class='ocrx_word' id='word_1_228' title='bbox 874 3289 1120 3346; x_wconf 71' lang='lat' dir='ltr'>commentarienses</span> <span class='ocrx_word' id='word_1_229' title='bbox 1138 3294 1240 3355; x_wconf 85' lang='lat' dir='ltr'>essent,</span> <span class='ocrx_word' id='word_1_230' title='bbox 1258 3305 1325 3356; x_wconf 84' lang='lat' dir='ltr'>quos</span> 
     </span>
     <span class='ocr_line' id='line_1_28' title="bbox 223 3358 1325 3430; baseline -0.001 -21"><span class='ocrx_word' id='word_1_231' title='bbox 223 3361 325 3427; x_wconf 83' lang='lat' dir='ltr'>tempus</span> <span class='ocrx_word' id='word_1_232' title='bbox 349 3359 509 3411; x_wconf 86' lang='lat' dir='ltr'>notariorum</span> <span class='ocrx_word' id='word_1_233' title='bbox 532 3377 547 3412; x_wconf 90' lang='lat' dir='ltr'>e</span> <span class='ocrx_word' id='word_1_234' title='bbox 570 3378 677 3413; x_wconf 89' lang='lat' dir='ltr'>munere</span> <span class='ocrx_word' id='word_1_235' title='bbox 699 3361 878 3430; x_wconf 82' lang='lat' dir='ltr'>provehebat,</span> <span class='ocrx_word' id='word_1_236' title='bbox 904 3361 983 3414; x_wconf 91' lang='lat' dir='ltr'>sicuti</span> <span class='ocrx_word' id='word_1_237' title='bbox 1003 3360 1149 3428; x_wconf 88' lang='lat' dir='ltr'>prioribus,</span> <span class='ocrx_word' id='word_1_238' title='bbox 1166 3358 1201 3410; x_wconf 87' lang='lat' dir='ltr'>iis</span> <span class='ocrx_word' id='word_1_239' title='bbox 1220 3373 1325 3424; x_wconf 87' lang='lat' dir='ltr'>quoquc</span> 
     </span>
     <span class='ocr_line' id='line_1_29' title="bbox 223 3426 1325 3500; baseline -0.002 -20"><span class='ocrx_word' id='word_1_240' title='bbox 223 3443 271 3480; x_wconf 85' lang='lat' dir='ltr'>sex</span> <span class='ocrx_word' id='word_1_241' title='bbox 289 3426 440 3495; x_wconf 85' lang='lat' dir='ltr'>adiutores,</span> <span class='ocrx_word' id='word_1_242' title='bbox 463 3445 496 3479; x_wconf 85' lang='lat' dir='ltr'>ax</span> <span class='ocrx_word' id='word_1_243' title='bbox 513 3427 693 3496; x_wconf 77' lang='lat' dir='ltr'><strong>Augustalium</strong></span> <span class='ocrx_word' id='word_1_244' title='bbox 711 3429 804 3484; x_wconf 88' lang='lat' dir='ltr'>ordine</span> <span class='ocrx_word' id='word_1_245' title='bbox 819 3429 883 3483; x_wconf 91' lang='lat' dir='ltr'>lecti</span> <span class='ocrx_word' id='word_1_246' title='bbox 900 3431 1081 3500; x_wconf 86' lang='lat' dir='ltr'>apparebant,</span> <span class='ocrx_word' id='word_1_247' title='bbox 1104 3427 1157 3479; x_wconf 84' lang='lat' dir='ltr'>viri</span> <span class='ocrx_word' id='word_1_248' title='bbox 1179 3443 1275 3493; x_wconf 78' lang='lat' dir='ltr'>graves</span> <span class='ocrx_word' id='word_1_249' title='bbox 1297 3434 1325 3478; x_wconf 84' lang='lat' dir='ltr'>et</span> 
     </span>
     <span class='ocr_line' id='line_1_30' title="bbox 223 3493 1323 3568; baseline 0 -22"><span class='ocrx_word' id='word_1_250' title='bbox 223 3493 329 3562; x_wconf 81' lang='lat' dir='ltr'>dignam</span> <span class='ocrx_word' id='word_1_251' title='bbox 343 3494 403 3564; x_wconf 80' lang='lat' dir='ltr'>lege</span> <span class='ocrx_word' id='word_1_252' title='bbox 419 3496 601 3550; x_wconf 77' lang='lat' dir='ltr'>austeritatem</span> <span class='ocrx_word' id='word_1_253' title='bbox 619 3499 802 3566; x_wconf 77' lang='lat' dir='ltr'>ostendentes,</span> <span class='ocrx_word' id='word_1_254' title='bbox 822 3516 903 3568; x_wconf 86' lang='lat' dir='ltr'>penes</span> <span class='ocrx_word' id='word_1_255' title='bbox 919 3515 985 3566; x_wconf 87' lang='lat' dir='ltr'>quos</span> <span class='ocrx_word' id='word_1_256' title='bbox 1002 3508 1060 3551; x_wconf 88' lang='lat' dir='ltr'>erat</span> <span class='ocrx_word' id='word_1_257' title='bbox 1072 3496 1155 3549; x_wconf 87' lang='lat' dir='ltr'>omnis</span> <span class='ocrx_word' id='word_1_258' title='bbox 1173 3495 1323 3566; x_wconf 83' lang='lat' dir='ltr'>praefectu-</span> 
     </span>
     <span class='ocr_line' id='line_1_31' title="bbox 224 3563 1324 3636; baseline 0.002 -22"><span class='ocrx_word' id='word_1_259' title='bbox 224 3579 271 3614; x_wconf 87' lang='lat' dir='ltr'>rae</span> <span class='ocrx_word' id='word_1_260' title='bbox 284 3572 411 3633; x_wconf 84' lang='lat' dir='ltr'>potestas.</span> <span class='ocrx_word' id='word_1_261' title='bbox 445 3565 473 3616; x_wconf 85' lang='lat' dir='ltr'>isi</span> <span class='ocrx_word' id='word_1_262' title='bbox 491 3564 638 3619; x_wconf 75' lang='lat' dir='ltr'>criminales</span> <span class='ocrx_word' id='word_1_263' title='bbox 655 3583 748 3618; x_wconf 85' lang='lat' dir='ltr'>causas</span> <span class='ocrx_word' id='word_1_264' title='bbox 762 3567 796 3620; x_wconf 89' lang='lat' dir='ltr'>ad</span> <span class='ocrx_word' id='word_1_265' title='bbox 808 3565 933 3619; x_wconf 88' lang='lat' dir='ltr'>iudicium</span> <span class='ocrx_word' id='word_1_266' title='bbox 949 3567 1118 3634; x_wconf 86' lang='lat' dir='ltr'>deferebant,</span> <span class='ocrx_word' id='word_1_267' title='bbox 1135 3563 1324 3636; x_wconf 85' lang='lat' dir='ltr'>apparentibus</span> 
     </span>
     <span class='ocr_line' id='line_1_32' title="bbox 224 3628 1434 3705; baseline 0 -23"><span class='ocrx_word' id='word_1_268' title='bbox 224 3628 273 3696; x_wconf 88' lang='lat' dir='ltr'>iis,</span> <span class='ocrx_word' id='word_1_269' title='bbox 290 3639 319 3685; x_wconf 90' lang='lat' dir='ltr'>ut</span> <span class='ocrx_word' id='word_1_270' title='bbox 335 3632 527 3703; x_wconf 82' lang='lat' dir='ltr'>praediximus,</span> <span class='ocrx_word' id='word_1_271' title='bbox 553 3633 726 3704; x_wconf 85' lang='lat' dir='ltr'>applicitariis</span> <span class='ocrx_word' id='word_1_272' title='bbox 744 3645 771 3686; x_wconf 93' lang='lat' dir='ltr'>et</span> <span class='ocrx_word' id='word_1_273' title='bbox 788 3633 977 3701; x_wconf 79' lang='lat' dir='ltr'>claviculariis3</span> <span class='ocrx_word' id='word_1_274' title='bbox 999 3637 1093 3705; x_wconf 89' lang='lat' dir='ltr'>quibus</span> <span class='ocrx_word' id='word_1_275' title='bbox 1113 3634 1273 3686; x_wconf 85' lang='lat' dir='ltr'>accedebant</span> <span class='ocrx_word' id='word_1_276' title='bbox 1287 3630 1321 3682; x_wconf 88' lang='lat' dir='ltr'>li·</span> <span class='ocrx_word' id='word_1_277' title='bbox 1430 3695 1434 3702; x_wconf 31' lang='grc' dir='ltr'>Ι</span> 
     </span>
     <span class='ocr_line' id='line_1_33' title="bbox 223 3700 1322 3772; baseline -0.001 -18"><span class='ocrx_word' id='word_1_278' title='bbox 223 3708 326 3768; x_wconf 78' lang='lat' dir='ltr'>utores,</span> <span class='ocrx_word' id='word_1_279' title='bbox 344 3702 438 3756; x_wconf 79' lang='lat' dir='ltr'>terreis</span> <span class='ocrx_word' id='word_1_280' title='bbox 454 3702 567 3756; x_wconf 81' lang='lat' dir='ltr'>vinculis</span> <span class='ocrx_word' id='word_1_281' title='bbox 585 3710 613 3756; x_wconf 86' lang='lat' dir='ltr'>et</span> <span class='ocrx_word' id='word_1_282' title='bbox 629 3702 776 3772; x_wconf 83' lang='lat' dir='ltr'>poenalium</span> <span class='ocrx_word' id='word_1_283' title='bbox 789 3702 1016 3759; x_wconf 75' lang='lat' dir='ltr'>instrumentorum</span> <span class='ocrx_word' id='word_1_284' title='bbox 1030 3705 1243 3772; x_wconf 77' lang='lat' dir='ltr'>flagellorumque</span> <span class='ocrx_word' id='word_1_285' title='bbox 1257 3700 1322 3754; x_wconf 88' lang='lat' dir='ltr'>mul·</span> 
     </span>
     <span class='ocr_line' id='line_1_34' title="bbox 222 3766 1322 3849; baseline 0.003 -28"><span class='ocrx_word' id='word_1_286' title='bbox 222 3766 309 3849; x_wconf 73' lang='lat' dir='ltr'>tiplici</span> <span class='ocrx_word' id='word_1_287' title='bbox 332 3771 408 3840; x_wconf 88' lang='lat' dir='ltr'>copia</span> <span class='ocrx_word' id='word_1_288' title='bbox 429 3772 552 3826; x_wconf 88' lang='lat' dir='ltr'>iudicium</span> <span class='ocrx_word' id='word_1_289' title='bbox 573 3791 673 3843; x_wconf 86' lang='lat' dir='ltr'>pavore</span> <span class='ocrx_word' id='word_1_290' title='bbox 690 3773 831 3842; x_wconf 81' lang='lat' dir='ltr'>agitantes.</span> <span class='ocrx_word' id='word_1_291' title='bbox 866 3774 1007 3826; x_wconf 84' lang='lat' dir='ltr'>constituto</span> <span class='ocrx_word' id='word_1_292' title='bbox 1024 3780 1111 3826; x_wconf 86' lang='lat' dir='ltr'>autem</span> <span class='ocrx_word' id='word_1_293' title='bbox 1124 3769 1322 3826; x_wconf 68' lang='lat' dir='ltr'>ducenariorum</span> 
     </span>
     <span class='ocr_line' id='line_1_35' title="bbox 222 3839 1192 3912; baseline 0.005 -24"><span class='ocrx_word' id='word_1_294' title='bbox 222 3853 341 3907; x_wconf 71' lang='lat' dir='ltr'>agmine,</span> <span class='ocrx_word' id='word_1_295' title='bbox 360 3845 387 3890; x_wconf 90' lang='lat' dir='ltr'>et</span> <span class='ocrx_word' id='word_1_296' title='bbox 403 3839 461 3894; x_wconf 89' lang='lat' dir='ltr'>sine</span> <span class='ocrx_word' id='word_1_297' title='bbox 476 3841 542 3912; x_wconf 79' lang='lat' dir='ltr'>legis</span> <span class='ocrx_word' id='word_1_298' title='bbox 559 3843 717 3897; x_wconf 84' lang='lat' dir='ltr'>auctoritate</span> <span class='ocrx_word' id='word_1_299' title='bbox 734 3841 821 3895; x_wconf 86' lang='lat' dir='ltr'>noxiis</span> <span class='ocrx_word' id='word_1_300' title='bbox 838 3843 998 3912; x_wconf 78' lang='lat' dir='ltr'>castigandis</span> <span class='ocrx_word' id='word_1_301' title='bbox 1013 3843 1192 3896; x_wconf 83' lang='lat' dir='ltr'>sufficiebant.</span> 
     </span>
    </p>
   </div>
   <div class='ocr_carea' id='block_1_6' title="bbox 213 3939 1320 4504">
    <p class='ocr_par' dir='ltr' id='par_1_8' title="bbox 213 3939 1320 4504">
     <span class='ocr_line' id='line_1_36' title="bbox 293 3939 1320 4013; baseline 0.006 -21"><span class='ocrx_word' id='word_1_302' title='bbox 293 3941 336 3994; x_wconf 87' lang='lat'>17.</span> <span class='ocrx_word' id='word_1_303' title='bbox 370 3939 430 4008; x_wconf 78' lang='lat' dir='ltr'>Ego</span> <span class='ocrx_word' id='word_1_304' title='bbox 446 3958 510 3996; x_wconf 81' lang='lat' dir='ltr'>vero</span> <span class='ocrx_word' id='word_1_305' title='bbox 527 3943 651 3998; x_wconf 77' lang='lat' dir='ltr'>nonsine</span> <span class='ocrx_word' id='word_1_306' title='bbox 665 3953 783 4013; x_wconf 81' lang='lat' dir='ltr'>terrore,</span> <span class='ocrx_word' id='word_1_307' title='bbox 802 3943 889 3998; x_wconf 87' lang='lat' dir='ltr'>auimo</span> <span class='ocrx_word' id='word_1_308' title='bbox 902 3946 936 3998; x_wconf 90' lang='lat' dir='ltr'>ad</span> <span class='ocrx_word' id='word_1_309' title='bbox 948 3944 1006 3999; x_wconf 87' lang='lat' dir='ltr'>iilos</span> <span class='ocrx_word' id='word_1_310' title='bbox 1019 3945 1093 3999; x_wconf 83' lang='lat' dir='ltr'>viros</span> <span class='ocrx_word' id='word_1_311' title='bbox 1105 3960 1261 4010; x_wconf 85' lang='lat' dir='ltr'>recurrens,</span> <span class='ocrx_word' id='word_1_312' title='bbox 1276 3961 1320 3998; x_wconf 86' lang='lat' dir='ltr'>re-</span> 
     </span>
     <span class='ocr_line' id='line_1_37' title="bbox 218 4014 1320 4097; baseline 0.002 -33"><span class='ocrx_word' id='word_1_313' title='bbox 218 4015 285 4082; x_wconf 90' lang='lat' dir='ltr'>puto</span> <span class='ocrx_word' id='word_1_314' title='bbox 311 4017 425 4078; x_wconf 86' lang='lat' dir='ltr'>quantus</span> <span class='ocrx_word' id='word_1_315' title='bbox 445 4020 517 4064; x_wconf 83' lang='lat' dir='ltr'>esset</span> <span class='ocrx_word' id='word_1_316' title='bbox 538 4014 807 4069; x_wconf 75' lang='lat' dir='ltr'>commentariensium</span> <span class='ocrx_word' id='word_1_317' title='bbox 827 4023 928 4080; x_wconf 86' lang='lat' dir='ltr'>suetus,</span> <span class='ocrx_word' id='word_1_318' title='bbox 953 4024 1008 4068; x_wconf 86' lang='lat' dir='ltr'>tum</span> <span class='ocrx_word' id='word_1_319' title='bbox 1031 4015 1102 4097; x_wconf 89' lang='lat' dir='ltr'>apud</span> <span class='ocrx_word' id='word_1_320' title='bbox 1127 4030 1216 4065; x_wconf 83' lang='lat' dir='ltr'>omnes</span> <span class='ocrx_word' id='word_1_321' title='bbox 1232 4014 1320 4068; x_wconf 85' lang='lat' dir='ltr'>officio</span> 
     </span>
     <span class='ocr_line' id='line_1_38' title="bbox 218 4079 1319 4155; baseline 0.004 -24"><span class='ocrx_word' id='word_1_322' title='bbox 218 4079 453 4150; x_wconf 84' lang='lat' dir='ltr'>quomodocunque</span> <span class='ocrx_word' id='word_1_323' title='bbox 475 4083 653 4152; x_wconf 84' lang='lat' dir='ltr'>praepositos,</span> <span class='ocrx_word' id='word_1_324' title='bbox 680 4094 733 4138; x_wconf 88' lang='lat' dir='ltr'>tum</span> <span class='ocrx_word' id='word_1_325' title='bbox 753 4083 897 4155; x_wconf 71' lang='lat' dir='ltr'>praecipue</span> <span class='ocrx_word' id='word_1_326' title='bbox 917 4085 987 4153; x_wconf 90' lang='lat' dir='ltr'>apud</span> <span class='ocrx_word' id='word_1_327' title='bbox 1002 4082 1171 4150; x_wconf 66' lang='lat' dir='ltr'>saumarios,</span> <span class='ocrx_word' id='word_1_328' title='bbox 1194 4095 1319 4151; x_wconf 84' lang='lat' dir='ltr'>quantus·</span> 
     </span>
     <span class='ocr_line' id='line_1_39' title="bbox 218 4146 1318 4230; baseline 0.004 -30"><span class='ocrx_word' id='word_1_329' title='bbox 218 4165 272 4219; x_wconf 86' lang='lat' dir='ltr'>que</span> <span class='ocrx_word' id='word_1_330' title='bbox 294 4149 396 4216; x_wconf 85' lang='lat' dir='ltr'>honor,</span> <span class='ocrx_word' id='word_1_331' title='bbox 419 4146 502 4201; x_wconf 82' lang='lat' dir='ltr'>sicui</span> <span class='ocrx_word' id='word_1_332' title='bbox 517 4160 706 4230; x_wconf 72' lang='lat' dir='ltr'>praetereunte</span> <span class='ocrx_word' id='word_1_333' title='bbox 729 4171 788 4211; x_wconf 89' lang='lat' dir='ltr'>cum</span> <span class='ocrx_word' id='word_1_334' title='bbox 809 4153 1035 4207; x_wconf 72' lang='lat' dir='ltr'>commentariensi</span> <span class='ocrx_word' id='word_1_335' title='bbox 1051 4167 1137 4206; x_wconf 90' lang='lat' dir='ltr'>sermo</span> <span class='ocrx_word' id='word_1_336' title='bbox 1155 4151 1318 4220; x_wconf 80' lang='lat' dir='ltr'>contigisset.</span> 
     </span>
     <span class='ocr_line' id='line_1_40' title="bbox 216 4216 1319 4290; baseline 0.003 -19"><span class='ocrx_word' id='word_1_337' title='bbox 216 4217 314 4271; x_wconf 67' lang='lat' dir='ltr'>emmim</span> <span class='ocrx_word' id='word_1_338' title='bbox 333 4216 441 4270; x_wconf 83' lang='lat' dir='ltr'>illinon</span> <span class='ocrx_word' id='word_1_339' title='bbox 456 4226 623 4286; x_wconf 78' lang='lat' dir='ltr'>magistratus</span> <span class='ocrx_word' id='word_1_340' title='bbox 647 4225 724 4276; x_wconf 89' lang='lat' dir='ltr'>modo</span> <span class='ocrx_word' id='word_1_341' title='bbox 743 4222 913 4288; x_wconf 86' lang='lat' dir='ltr'>offensionis,</span> <span class='ocrx_word' id='word_1_342' title='bbox 938 4239 1029 4277; x_wconf 84' lang='lat' dir='ltr'>verum</span> <span class='ocrx_word' id='word_1_343' title='bbox 1046 4221 1230 4290; x_wconf 87' lang='lat' dir='ltr'>imperatoriae</span> <span class='ocrx_word' id='word_1_344' title='bbox 1251 4239 1319 4290; x_wconf 89' lang='lat' dir='ltr'>quo-</span> 
     </span>
     <span class='ocr_line' id='line_1_41' title="bbox 216 4284 1317 4363; baseline 0.002 -23"><span class='ocrx_word' id='word_1_345' title='bbox 216 4303 269 4356; x_wconf 84' lang='lat' dir='ltr'>que</span> <span class='ocrx_word' id='word_1_346' title='bbox 281 4284 471 4357; x_wconf 73' lang='lat' dir='ltr'>indignation‘u</span> <span class='ocrx_word' id='word_1_347' title='bbox 483 4285 595 4341; x_wconf 85' lang='lat' dir='ltr'>ministri</span> <span class='ocrx_word' id='word_1_348' title='bbox 608 4298 692 4344; x_wconf 86' lang='lat' dir='ltr'>erant.</span> <span class='ocrx_word' id='word_1_349' title='bbox 726 4292 818 4363; x_wconf 87' lang='lat' dir='ltr'>itaque</span> <span class='ocrx_word' id='word_1_350' title='bbox 831 4310 882 4362; x_wconf 78' lang='lat' dir='ltr'>ego</span> <span class='ocrx_word' id='word_1_351' title='bbox 895 4293 1013 4359; x_wconf 86' lang='lat' dir='ltr'>memini,</span> <span class='ocrx_word' id='word_1_352' title='bbox 1028 4301 1083 4344; x_wconf 90' lang='lat' dir='ltr'>tum</span> <span class='ocrx_word' id='word_1_353' title='bbox 1097 4289 1247 4346; x_wconf 84' lang='lat' dir='ltr'>chartularii</span> <span class='ocrx_word' id='word_1_354' title='bbox 1260 4308 1317 4343; x_wconf 86' lang='lat' dir='ltr'>mu-</span> 
     </span>
     <span class='ocr_line' id='line_1_42' title="bbox 215 4353 1318 4428; baseline 0.002 -18"><span class='ocrx_word' id='word_1_355' title='bbox 215 4371 280 4410; x_wconf 84' lang='lat' dir='ltr'>usrs</span> <span class='ocrx_word' id='word_1_356' title='bbox 302 4353 578 4411; x_wconf 86' lang='lat' dir='ltr'>commentariensibus</span> <span class='ocrx_word' id='word_1_357' title='bbox 601 4358 731 4428; x_wconf 82' lang='lat' dir='ltr'>iunctus‚·</span> <span class='ocrx_word' id='word_1_358' title='bbox 749 4379 807 4416; x_wconf 87' lang='lat' dir='ltr'>cum</span> <span class='ocrx_word' id='word_1_359' title='bbox 830 4361 986 4416; x_wconf 79' lang='lat' dir='ltr'>Anastasius</span> <span class='ocrx_word' id='word_1_360' title='bbox 1009 4361 1153 4427; x_wconf 85' lang='lat' dir='ltr'>imperator</span> <span class='ocrx_word' id='word_1_361' title='bbox 1175 4368 1318 4415; x_wconf 88' lang='lat' dir='ltr'>commotus</span> 
     </span>
     <span class='ocr_line' id='line_1_43' title="bbox 213 4425 1318 4504; baseline 0.001 -25"><span class='ocrx_word' id='word_1_362' title='bbox 213 4431 286 4480; x_wconf 84' lang='lat' dir='ltr'>esset</span> <span class='ocrx_word' id='word_1_363' title='bbox 308 4425 338 4480; x_wconf 88' lang='lat' dir='ltr'>in</span> <span class='ocrx_word' id='word_1_364' title='bbox 357 4427 521 4501; x_wconf 68' lang='lat' dir='ltr'>appionem,</span> <span class='ocrx_word' id='word_1_365' title='bbox 547 4426 632 4484; x_wconf 82' lang='lat' dir='ltr'>virum</span> <span class='ocrx_word' id='word_1_366' title='bbox 655 4427 893 4501; x_wconf 72' lang='lat' dir='ltr'>splendidissim-</span> <span class='ocrx_word' id='word_1_367' title='bbox 916 4440 946 4488; x_wconf 87' lang='lat' dir='ltr'>et</span> <span class='ocrx_word' id='word_1_368' title='bbox 969 4429 1016 4504; x_wconf 85' lang='lat' dir='ltr'>qui</span> <span class='ocrx_word' id='word_1_369' title='bbox 1039 4429 1178 4502; x_wconf 71' lang='lat' dir='ltr'>imperinm</span> <span class='ocrx_word' id='word_1_370' title='bbox 1203 4447 1262 4486; x_wconf 85' lang='lat' dir='ltr'>cum</span> <span class='ocrx_word' id='word_1_371' title='bbox 1286 4444 1318 4480; x_wconf 88' lang='lat' dir='ltr'>eo</span> 
     </span>
    </p>
   </div>
   <div class='ocr_carea' id='block_1_7' title="bbox 0 0 1568 4959">
    <p class='ocr_par' dir='ltr' id='par_1_9' title="bbox 0 0 1568 4959">
     <span class='ocr_line' id='line_1_44' title="bbox 0 0 1568 4959; baseline 0 7"><span class='ocrx_word' id='word_1_372' title='bbox 0 0 1568 4959; x_wconf 95' lang='lat' dir='ltr'> </span> 
     </span>
    </p>
   </div>
  </div>
 </body>
</html>
