3125 4959
238 409 274 459 ss
531 385 642 456 uisu
666 386 724 455 DE
747 386 906 457 ΙΟΔΝΝΕ
928 388 1049 456 LYDO

326 588 425 651 Sectio
440 586 472 655 4.
515 585 573 663 Qui
594 583 758 647 editionem
776 584 887 646 horum
905 586 1141 667 fragmentorum
1154 583 1254 649 adlrnc

677 675 810 751 aggressi
834 673 904 731 sint.

309 790 354 845 22.
372 786 636 853 77777777777777777,
653 788 908 873 17777377377777,
942 786 987 843 23.
1005 788 1198 857 monnau
1232 788 1277 845 24.
1294 790 1339 844 17·
1424 785 1426 789 ’

243 859 383 931 septum
399 859 488 922 loliis,
522 856 891 927 2617777777717777779
910 857 1142 913 NicotcnsSclsosc.
1184 828 1228 913 26
1246 860 1339 913 antae

243 931 370 1000 epitomae
380 928 440 981 77777
452 929 485 981 de
496 926 623 978 Mentitus
637 934 663 981 77
676 926 814 980 secundum
821 928 1005 1010 fragmentum
1016 928 1078 979 77777
1090 929 1124 981 de
1140 929 1252 982 Ostcatis
1265 929 1339 982 77777

243 1016 275 1053 aa
293 997 448 1081 opogsoplso
468 996 628 1049 3777777777.
696 996 741 1051 27.
761 996 916 1066 mspiciosrcs
930 996 1038 1049 777777
1051 998 1180 1066 37777777
1192 997 1339 1052 7777777777·

241 1068 327 1125 777777.

194 1257 196 1261 .
283 1204 385 1267 Sentio
402 1202 434 1269 6
476 1204 521 1262 De
538 1199 639 1264 codice
653 1202 809 1263 Oaseolino
825 1212 915 1283 atque
931 1200 1040 1264 dehac
1054 1200 1185 1265 editione
1199 1204 1298 1284 operis

648 1286 686 1347 de
703 1290 935 1368 magistratibus.

311 1406 357 1462 23.
376 1405 432 1473 Qec
449 1403 582 1474 insperato
599 1421 660 1459 cusu
674 1406 754 1459 777777
768 1405 947 1459 Coscoliana
935 1426 963 1492 ιιι
977 1406 1092 1462 Graecis
1106 1404 1179 1477 7777
1193 1401 1341 1475 7777771777

242 1482 370 1611 7787776773ο
382 1544 422 1596 cui
416 1472 787 1611 {laffgaffllalfflpff
796 1475 919 1597 puilia
903 1476 973 1599 lilsmleir⁸
980 1476 1341 1669 dillllld'agimffllzm
1285 1472 1342 1526 m

244 1615 290 1668 7777
310 1622 337 1669 77
356 1613 531 1682 maufiocutiu
552 1612 603 1666 7777
620 1614 728 1666 illustria
745 1614 778 1666 77
797 1612 919 1667 creseat
928 1616 1024 1670 editus.
1091 1612 1232 1682 32777737
1245 1610 1343 1665 7777777

244 1683 383 1737 consolini.
440 1682 485 1735 33.
504 1682 642 1750 descriptio
656 1681 751 1735 7777777
766 1682 906 1737 causatius.
956 1683 1001 1737 34.
1019 1685 1052 1737 de
1066 1684 1170 1750 codem,
1185 1690 1213 1735 77
1226 1697 1257 1733 77
1269 1678 1342 1762 quali

243 1752 332 1805 777777
342 1752 433 1805 ductos
444 1752 488 1804 777.
556 1750 602 1805 35.
620 1751 735 1803 condicio
747 1750 873 1803 leodicum
886 1752 982 1809 77777777
993 1752 1130 1810 0777777777.
1196 1750 1243 1807 36.
1259 1748 1342 1805 777777

244 1822 305 1877 ntra·
317 1821 350 1876 dc
363 1821 475 1877 ostentis
485 1836 517 1875 77
529 1820 619 1887 codam
633 1820 720 1876 codice
732 1820 871 1889 promito.

207 2233 228 2295 1
248 2190 360 2327 Quod
380 2223 557 2285 iamdudum
576 2225 758 2305 percrebruit
777 2246 839 2287 non
860 2224 985 2287 modo
974 2245 1006 2284 ιιι
1024 2227 1123 2286 Gallia
1141 2223 1226 2287 sed
1216 2246 1250 2286 ιιι
1265 2226 1343 2287 Ger-

244 2328 349 2386 mania
369 2344 528 2410 quoque
510 2334 540 2383 et
560 2326 593 2382 in
612 2335 674 2386 tota
693 2324 790 2408 paene
804 2331 927 2410 Europa
938 2330 1072 2405 laterata,
1096 2330 1162 2389 fore
1175 2330 1342 2389 utloannis
1370 2343 1373 2347 ⁴

244 2425 326 2509 Lydi
346 2424 460 2486 inedita
482 2402 580 2486 adlruc
602 2446 692 2508 opera
713 2450 752 2489 ex
774 2441 892 2492 vetusto
914 2430 1015 2493 codice
1035 2431 1122 2511 cpoli
1139 2430 1318 2511 deportato·
1309 2450 1343 2489 m

244 2530 352 2603 lucem
366 2526 536 2609 prodirent,
568 2530 709 2613 quodque
731 2543 761 2593 et
780 2535 939 2614 probatum
959 2535 1094 2602 maxime
1115 2554 1134 2592 a
1152 2533 1225 2593 viris
1248 2532 1347 2594 doctis

245 2631 449 2712 compluribus
463 2642 508 2692 cst
522 2639 552 2691 e't
566 2644 711 2712 optatum,
732 2634 766 2693 id
779 2656 860 2694 nunc
871 2646 1049 2716 praestatur.
1092 2654 1221 2717 cumque
1231 2636 1279 2695 vir
1289 2636 1343 2694 illc

245 2736 466 2811 nobilissimus,
502 2734 551 2793 cui
573 2754 609 2793 ea
629 2756 720 2815 opera
739 2737 920 2798 inventionis
939 2739 1005 2803 iure
1026 2742 1147 2819 propria
1169 2748 1239 2799 sunt
1263 2738 1344 2797 facta

246 2838 359 2919 quique
380 2838 434 2896 illa
456 2855 538 2895 narnc
560 2836 713 2915 vulganda
734 2849 833 2915 curat,
855 2842 1019 2917 rogavisset
1034 2838 1256 2899 adolescentem
1272 2842 1345 2898 lite-

162 2962 190 3013 p.
208 2956 232 2997 tr
248 2958 349 2997 rarum
370 2939 552 2996 Graecarum
572 2934 838 3016 studiosissimum,
859 2941 1051 2998 Dominicum
1065 2942 1158 3015 Fusa,
1179 2950 1214 2999 ut
1225 2950 1344 3001 textum

243 3038 335 3101 huius
358 3038 457 3121 operis
480 3056 571 3121 quam
590 3036 819 3119 diligentissime
834 3043 995 3121 corrigeret
1010 3044 1178 3124 [latinaque
1194 3042 1345 3124 interpre-

242 3144 356 3204 tatione
371 3142 549 3217 illustraret‚
570 3154 743 3221 pergratmn
754 3142 834 3203 milri
847 3143 955 3205 accidit
969 3156 1003 3205 nt
1017 3165 1059 3205 ex
1074 3164 1143 3204 mea
1158 3164 1284 3229 quoqne*
1293 3147 1344 3207 fa-

244 3248 355 3306 cultate
370 3240 486 3327 aliquid
497 3244 531 3303 in
542 3241 601 3303 hoc
614 3263 690 3325 opus
704 3248 837 3305 conferre
852 3265 1022 3329 nomenque
1036 3267 1141 3306 meum
1154 3258 1219 3307 tam
1234 3247 1344 3308 lauda·

242 3348 299 3408 bili
313 3349 433 3428 incepto
448 3347 595 3407 ascribere
606 3368 737 3428 possam.
751 3406 753 3410 Α
780 3350 892 3409 clectus
903 3351 985 3409 enim
997 3370 1016 3408 a
1029 3348 1140 3409 codicis
1156 3347 1278 3411 domino
1291 3370 1343 3411 eas

245 3460 344 3531 partes
362 3451 498 3531 suscepi,
519 3460 553 3510 ut
569 3451 720 3531 praefarer
733 3469 811 3533 quaa
826 3453 952 3511 lectores
967 3452 1043 3511 scire
1057 3454 1192 3512 maxime
1207 3452 1343 3511 referret.

248 3569 340 3633 quare
363 3570 440 3632 qnae
460 3553 494 3611 in
513 3563 646 3613 mentam
667 3554 828 3613 veniebant
848 3574 917 3613 omn
937 3553 1048 3612 librum
1068 3555 1284 3636 perlegissem,
1299 3543 1343 3612 ‘aa

247 3652 394 3732 scriptura
410 3656 550 3735 persequi
568 3665 599 3714 et
618 3636 797 3738 inquinque
810 3668 910 3737 partes
920 3653 1080 3736 dispertire
1096 3658 1193 3737 coepi.
1234 3654 1344 3716 harum

247 3754 378 3836 primam
393 3754 484 3813 tribui
497 3754 638 3815 historiae
652 3762 795 3837 auctoris,
817 3756 981 3821 secundam
992 3760 1062 3819 fatis
1075 3761 1253 3841 scriptorum
1264 3755 1345 3837 Lydi

247 3854 351 3918 medio
370 3874 461 3932 aero,
492 3850 617 3918 tertiam
633 3858 756 3921 elencho
773 3864 1010 3943 fragmentorum
1036 3863 1100 3922 eius
1121 3862 1234 3942 passim
1249 3860 1282 3917 in
1294 3858 1344 3915 bi-

248 3958 407 4022 bliothecis
427 3962 622 4021 exstantimn.
665 3964 698 4020 in
719 3976 823 4046 quarta
842 3964 908 4025 dixi
924 3969 977 4048 qui
992 3966 1148 4047 quippiam
1161 3965 1226 4021 eius
1238 3956 1344 4018 edide-

246 4065 308 4123 rint
326 4065 376 4125 rel
396 4064 581 4123 instituerint
602 4061 708 4141 edere3
728 4067 761 4125 in
780 4070 885 4149 quinta
908 4088 968 4149 quo
988 4069 1140 4147 insperato
1163 4081 1234 4121 casu
1253 4080 1344 4163 qpera

249 4165 314 4224 sius
327 4164 359 4223 in
372 4166 497 4225 Graecia
513 4184 611 4246 nuper
627 4178 743 4247 reperta
757 4171 816 4229 sint
831 4172 923 4252 inque
936 4171 1034 4229 Gallia
1045 4186 1127 4227 nunc
1140 4165 1257 4245 vulgari
1272 4185 1344 4224 coe-

249 4277 313 4349 pta.
355 4266 474 4351 alaydi
495 4269 558 4331 rita
579 4269 687 4349 igitur,
715 4281 748 4330 ut
766 4275 971 4353 praepositum
988 4281 1049 4344 est,
1078 4264 1191 4345 ordiar,
1212 4269 1239 4328 si
1260 4268 1344 4350 prius

250 4382 351 4434 tamen
369 4372 495 4436 lectores
516 4392 640 4436 oravero
658 4382 693 4433 ut
710 4376 861 4455 patiantur
870 4393 931 4434 non
943 4373 1043 4434 solum
1054 4371 1282 4451 magistratuum
1295 4365 1345 4427 di-
