3125 4959
603 403 946 477 COMMENTARIUS.
1275 422 1319 471 xv

225 612 367 675 credibile
385 621 446 686 est,
466 610 520 669 illa
543 609 606 669 sere
630 608 732 669 omnia
747 605 912 667 interirent.
953 600 1082 679 accedit,
1103 600 1186 686 qnod
1198 604 1319 685 copiosa

224 726 366 795 excerpta
385 716 422 773 in·
437 710 660 792 'theophylacti
676 708 835 769 historiam
854 728 895 767 ex
916 711 1046 767 Ioannou
1061 709 1168 766 tralata
1180 705 1320 767 homines

223 816 265 877 ad
289 817 368 876 hanc
393 811 619 897 describendam
642 814 795 891 segeriores
819 809 944 870 reddere
968 806 1146 868 debuerunt.
1187 812 1230 870 ita
1255 812 1319 871 eins

222 917 341 980 codices
353 917 500 999 paulatim
512 922 710 989 evanuerrmt,
731 924 849 1001 praeter
859 910 950 971 duos:
971 907 1081 971 homm
1095 911 1223 971 alterum
1237 932 1319 972 saec.
1425 934 1427 940 ·

162 1044 165 1051 ’
224 1024 266 1084 12
281 1021 368 1100 cpoli
380 1022 459 1077 inter
470 1020 574 1077 Annae
590 1018 760 1081 comnenae
777 1020 886 1075 manus
899 1015 992 1073 fnisse
1005 1012 1110 1088 video,
1131 1032 1209 1095 qnae
1223 1016 1317 1073 inter-

222 1120 297 1181 dnm
315 1130 394 1181 totos
411 1121 493 1180 locos
512 1121 647 1195 ioannis,
669 1131 702 1180 ut
719 1128 765 1179 est
778 1117 976 1178 sententiosas
991 1117 1131 1195 scriptor,
1152 1116 1318 1197 usurpavit,

170 1268 172 1273 ι
222 1242 334 1303 eosque
354 1221 479 1283 totidem
493 1223 593 1282 verbis
606 1224 639 1281 in
652 1222 852 1280 narrationem
866 1220 971 1277 furtim
984 1218 1135 1278 transtulit
1147 1235 1250 1292 suam,
1271 1217 1320 1275 al-

223 1334 321 1385 terum
345 1327 410 1405 ipse
434 1322 619 1403 deprehendi
642 1326 721 1383 inter
747 1324 906 1384 Vaticanus
927 1318 1014 1380 codd.
1038 1321 1167 1379 Graecos
1187 1321 1321 1378 Parisios

223 1438 421 1502 transvectos,
452 1424 556 1486 charta
580 1426 1029 1502 cariosasaec.13scriptnm.
1072 1442 1133 1502 qno
1157 1422 1191 1480 in
1216 1420 1319 1481 codice
1335 1441 1363 1495 p.
1383 1435 1433 1477 sn

223 1548 315 1611 quem
339 1528 438 1589 solnm
462 1541 553 1612 atque
579 1549 674 1589 unum
698 1545 854 1606 superesse
880 1526 1021 1601 arbitror,
1044 1543 1133 1604 aegre
1153 1524 1218 1583 fero
1241 1520 1320 1581 nihil

222 1650 316 1713 qnam
337 1632 470 1709 primurn
491 1634 589 1712 operis
611 1628 704 1713 ripae
722 1647 880 1709 superare,
905 1648 963 1686 nec
984 1628 1073 1686 illum
1091 1624 1216 1708 quidem
1237 1627 1320 1685 inte·

222 1754 320 1815 grum.
363 1735 464 1813 ipsum
479 1745 632 1795 auctorem
650 1735 703 1793 alii
719 1752 788 1791 cum
803 1734 916 1789 Ioanne
930 1728 1117 1789 Antiocheno
1133 1726 1319 1789 Scholastica

222 1833 391 1917 patriarcha
413 1833 809 1916 cpolitano‘confuderunt,
830 1833 883 1889 alii
902 1850 972 1890 cum
991 1836 1103 1892 Ioanne
1116 1831 1245 1907 Mulela,
1267 1830 1320 1888 alii

221 1940 327 2017 aliter3
359 1959 415 1998 nec
442 1941 573 2020 reperire
595 1939 679 2019 potui
701 1940 754 2019 qui
777 1933 944 1997 distinctius
966 1933 1005 1993 de
1027 1936 1081 1995 illc
1104 1944 1207 2012 ageret
1228 1944 1321 2014 quam

221 2045 315 2103 Henr.
329 2044 429 2104 Vales.
441 2039 492 2099 ed.
505 2041 628 2120 Evagrii
641 2042 782 2097 Annotat·
798 2057 831 2116 p.
846 2042 924 2103 122:
946 2040 1059 2119 quippe
1081 2036 1234 2110 Fabricius
1255 2036 1321 2113 ipse

221 2142 366 2205 Biblioth.
379 2146 485 2203 Graec.
499 2128 562 2202 vol.
578 2146 598 2205 6
611 2162 642 2221 p.
657 2144 721 2205 686
738 2160 809 2200 eum
823 2143 968 2199 Ioannem
982 2134 1203 2197 hunchenum
1219 2138 1321 2195 nomi-

222 2253 292 2321 nat,
312 2246 483 2325 quasivero
498 2245 645 2322 Evagrinr
667 2244 743 2324 (qui
760 2244 792 2301 in
807 2243 873 2303 loco
885 2242 929 2299 ibi
944 2261 963 2299 a
975 2242 1112 2300 Fabricio
1126 2240 1216 2297 allato
1231 2242 1339 2296 loan-·

221 2364 293 2405 nem
306 2346 439 2425 appellat
452 2345 549 2403 civem
562 2342 670 2421 snum)
691 2342 851 2402 Antiochia
863 2344 970 2420 fuerit,
990 2362 1052 2402 non
1066 2320 1250 2422 Epiptuntas.

304 2450 416 2509 Verum
436 2443 513 2504 haec
533 2442 571 2502 de
589 2448 700 2507 Ioanne
718 2444 849 2503 breviter
867 2447 1047 2523 perstrinxi,
1068 2456 1104 2501 nt
1119 2439 1317 2523 quemadmo·
1336 2450 1359 2512 8

220 2548 296 2609 dum
310 2548 508 2609 Orientalium
519 2548 740 2627 provinciarum
756 2548 880 2629 saeculo·
892 2552 912 2609 7
928 2546 1090 2604 amissione
1100 2544 1171 2601 libri
1184 2544 1323 2624 complu·

220 2654 291 2711 rimi
316 2650 408 2713 simul
430 2650 620 2726 evanuerint,
650 2670 710 2708 nno
737 2648 879 2729 exemplo
904 2648 1101 2727 explicarem.
1141 2665 1200 2705 nec
1220 2647 1322 2706 mhrus

221 2750 301 2833 Lydi
323 2752 420 2811 multa
441 2752 625 2831 exemplaria
640 2750 749 2811 eodem
762 2749 902 2811 incendio
918 2751 1101 2829 conflagrare
1115 2767 1237 2808 necesse
1251 2750 1320 2826 fnit,

220 2856 398 2935 praesertim
416 2853 443 2912 si
460 2854 633 2934 reputamus
651 2854 771 2933 Syriam
786 2864 818 2913 et
831 2857 1022 2931 Aegyptum,
1044 2863 1109 2910 tum
1124 2871 1243 2932 semper
1256 2862 1322 2912 turn

221 2958 355 3015 maxime
382 2964 469 3014 sexto
495 2958 682 3036 septimoque
704 2958 843 3030 saeculo,
869 2956 1055 3036 receptacula
1074 2956 1168 3014 fnisse
1186 2955 1322 3033 magicae

220 3056 422 3139 fatidicaeqne
448 3056 640 3138 disciplinae,
672 3057 922 3141 philosophisque
949 3070 980 3119 et
1004 3057 1163 3136 astrologis
1184 3057 1319 3131 refertas,

222 3162 359 3218 certatim
379 3162 621 3242 conquirentibus
647 3159 876 3221 mathematicos
897 3182 933 3221 ao
948 3161 1115 3239 fulgurales
1132 3160 1235 3218 libros.
1278 3159 1321 3216 ita

223 3263 350 3321 raritatis
365 3260 501 3321 codicum
514 3260 593 3342 Lydi
606 3264 751 3322 Arabicus
766 3265 913 3323 tumultus
928 3262 1047 3323 videtur
1061 3283 1120 3321 nna
1132 3283 1198 3321 esse
1211 3277 1316 3335 causa3
1335 3283 1362 3338 p.
1381 3284 1418 3320 xx

220 3364 315 3423 altera
329 3365 474 3440 fortasse,
496 3363 579 3445 quod
596 3376 700 3424 auctor
715 3376 871 3445 suspectus
888 3375 966 3426 esset
982 3365 1020 3424 de
1038 3367 1201 3441 religione:
1222 3362 1320 3442 capita

221 3469 304 3525 enim
316 3471 380 3529 eius
394 3488 434 3527 ex
446 3470 615 3547 aruspicina
630 3470 814 3550 scientiaque
830 3471 965 3549 augurali
978 3470 1072 3545 petita
1084 3463 1244 3523 offendisse
1259 3462 1319 3523 ho·

181 3585 182 3589 ’
222 3568 338 3627 minum
362 3572 478 3631 animos
498 3574 576 3631 infra
596 3573 709 3652 patebit
725 3593 757 3652 p.
770 3591 844 3631 xxrs
858 3581 888 3629 et
900 3589 979 3627 xxxv
997 3588 1014 3625 e
1032 3565 1133 3625 Photii
1150 3568 1320 3647 [leonisque

221 3670 356 3728 Caesaris
368 3669 459 3744 locis3
482 3692 559 3752 (puae
573 3673 696 3756 quidem
708 3673 822 3734 invidia
837 3667 1000 3753 quosdam,
1022 3672 1119 3748 quiin
1130 3671 1319 3729 monasteriis

220 3769 337 3832 codices
360 3768 585 3852 describebant,
616 3779 813 3856 promptiores
835 3776 961 3834 sonasse
986 3771 1117 3831 reddidit
1143 3771 1182 3831 ad
1200 3774 1319 3831 exstin-

220 3870 371 3951 guendam
393 3875 458 3933 eins
483 3868 660 3935 memoriam
682 3896 774 3956 quam
796 3875 836 3934 ad
851 3875 1085 3956 propagandam.
1126 3877 1214 3934 tertia
1229 3894 1318 3934 cansa

220 3975 348 4035 raritatis
370 3974 508 4036 codicum
529 3977 609 4059 Lydi
629 3988 676 4038 est
698 3978 879 4058 excerpendi
899 3977 1049 4055 studium,
1071 3975 1154 4059 qnod
1168 3980 1319 4036 invaserat

219 4077 363 4154 Graecos,
385 4089 420 4138 nt
438 4100 499 4161 quo
520 4084 588 4162 quis
611 4092 690 4143 asset
708 4084 806 4161 magis
826 4068 925 4140 varius
939 4092 969 4140 et
981 4084 1191 4163 quaestIonnrn
1208 4080 1317 4159 plenus

218 4177 311 4256 liber,
334 4200 370 4240 eo
386 4185 533 4251 sanorem
545 4185 745 4245 breviantirnn
757 4184 875 4246 turbam
888 4186 1058 4260 allectaret3
1080 4185 1134 4265 qui
1146 4192 1259 4265 quanta
1276 4181 1318 4238 li-

217 4282 289 4341 teris
310 4285 420 4345 nostris
441 4282 619 4351 detrimenta
641 4289 850 4370 irnportarint,
866 4308 936 4347 omn
956 4289 1043 4347 sactis
1064 4284 1317 4357 deflorationibus,
1388 4356 1390 4359 y

167 4466 171 4472 ι
216 4392 252 4481 ut
266 4384 390 4447 illorum
406 4388 497 4453 verbo
518 4402 603 4471 utar,
632 4392 699 4473 ipsa
724 4410 815 4472 opera
836 4381 1077 4473 negligerentur,
1110 4398 1179 4467 post
1201 4391 1317 4446 lustum
