3125 4959
406 435 522 505 nasu
546 436 604 504 DE
629 436 838 506 OSTENTIS
863 436 1109 505 PRAEFATIO.
1272 452 1312 503 u

211 635 270 698 hac
283 637 429 718 religione
442 638 617 698 obstrictum
628 657 678 697 me
689 637 887 719 putavissem,
908 637 968 697 uisi
980 637 1093 697 exisset
1105 632 1235 718 denique
1248 637 1314 717 pri-

211 778 297 817 mum
319 758 460 817 volumen
480 758 664 817 collectionis
686 776 782 815 novae
803 758 1000 836 Byzantinus.
1042 776 1140 842 nunc,
1169 757 1314 836 quoniam

211 878 367 956 profligata
388 880 450 936 iam
473 878 585 936 Leonis
604 878 730 935 Diacoui
751 886 780 935 et
800 896 921 956 prorsus
935 874 975 934 ad
989 876 1105 933 exitum
1121 873 1248 933 deducta
1267 883 1313 935 est

210 998 366 1077 impressio
388 995 497 1079 (detur
509 999 597 1057 verriu
608 995 700 1057 verbo
711 991 827 1075 novo),
848 1015 906 1053 nec
921 994 1053 1052 multum
1065 994 1149 1053 abest
1165 996 1238 1075 quin
1249 997 1313 1053 Mi-

212 1114 325 1177 chaelis
349 1118 444 1176 Pselli
466 1136 561 1198 aeque
578 1116 766 1191 absolvatur,
789 1117 935 1195 pusillum
947 1114 1115 1172 laxamenti
1126 1126 1230 1174 nactus
1245 1114 1312 1174 edi-
1330 1140 1358 1194 p.
1377 1139 1401 1176 11

210 1238 324 1295 tionem
347 1236 418 1295 libri
437 1234 568 1316 Lydiani
590 1238 675 1294 uolui
698 1237 828 1315 amplius
851 1233 988 1310 differre,
1008 1252 1047 1292 ue
1069 1234 1122 1315 (ut
1137 1236 1238 1293 labilis
1252 1236 1312 1295 ssu-

209 1374 327 1437 xusque
340 1366 385 1415 est
397 1376 497 1414 rerrun
511 1353 711 1413 humanarum
726 1327 840 1433 status)
863 1352 1011 1413 accideret
1024 1352 1140 1434 ailquid
1152 1353 1234 1435 quod
1246 1375 1311 1413 rem

210 1477 331 1535 omniuo
342 1476 570 1551 interturbaret,
591 1487 683 1557 utque
697 1476 883 1557 antiquitatis
896 1477 1053 1533 <Romanae
1067 1472 1192 1535 studiosi
1206 1478 1312 1555 cogni-

208 1596 290 1653 tione
306 1593 480 1673 disciplinae
496 1598 657 1675 auguralis,
681 1596 944 1677 quantulacunque
957 1589 1082 1651 tandem
1093 1612 1134 1649 ex
1147 1593 1233 1673 Lydo
1248 1595 1312 1673 peti

207 1713 318 1789 possit,
339 1731 379 1769 ue
396 1710 615 1773 fraudarentur.
658 1734 714 1772 nec
731 1723 834 1771 tamen
854 1713 974 1786 minus,
996 1710 1103 1773 affecto
1118 1710 1241 1792 quidem
1256 1710 1311 1771 sed

206 1846 269 1886 non
283 1830 417 1889 confecto
433 1832 574 1893 mandato
588 1835 747 1915 prioreque
761 1835 900 1913 negotio,
922 1829 1126 1891 veremendum
1140 1832 1244 1910 putavi
1260 1852 1312 1890 re-

208 1969 278 2009 cens
305 1964 478 2031 susceptum
498 1939 623 2011 strictim
645 1955 820 2033 transigere.
863 1953 965 2031 itaque
989 1951 1145 2030 exemplar
1162 1953 1311 2009 Graecum

208 2088 277 2126 cum
289 2071 352 2129 sola
367 2073 612 2151 iuterpretat10ue
629 2076 753 2147 Latina,
778 2090 856 2152 quae
871 2071 1077 2129 commentarii
1085 2072 1229 2156 'perpetui
1241 2070 1309 2128 loco

207 2198 299 2263 esset,
321 2187 428 2249 iubas
447 2192 581 2272 pagellas
603 2193 731 2252 conieci:
754 2190 791 2248 ab
811 2189 1012 2269 explicatione
1025 2207 1126 2264 rerum
1142 2208 1193 2246 me
1210 2189 1310 2246 conti·

205 2309 269 2366 nui·
313 2318 382 2400 sunt
396 2328 467 2369 sane
484 2276 842 2392 quaestionariufinitae,
865 2307 904 2368 ad
925 2310 1085 2390 religiones
1102 2309 1207 2367 Italiae
1226 2316 1311 2366 vete-

206 2429 247 2485 ris
270 2446 429 2509 rerumque
454 2426 623 2488 divinarum
648 2430 840 2510 antiquitates
861 2429 1060 2507 pertinentes,
1083 2427 1122 2488 de
1146 2427 1254 2509 quibus
1275 2428 1310 2485 in

205 2548 367 2625 scriptione
389 2548 496 2608 latiore
517 2559 606 2629 atque
628 2550 776 2609 ornatiora
791 2545 851 2605 dici
861 2548 965 2626 possit.
1009 2544 1065 2606 sed
1081 2544 1190 2605 harum
1208 2565 1310 2605 rerum

204 2668 325 2725 tametsi
349 2686 405 2745 ego
427 2686 547 2748 quoque
570 2669 655 2746 quasi
670 2668 779 2726 silvam
794 2666 998 2748 collegissem,
1020 2682 1077 2726 uec
1092 2670 1193 2727 miuus
1208 2686 1311 2725 rerum

204 2786 411 2842 Rornananun
436 2784 536 2843 studio
567 2804 659 2866 quam
688 2787 869 2846 Graecarum
895 2788 1040 2862 oblecter,
1071 2796 1173 2845 tamen
1198 2788 1310 2867 partim

206 2906 416 2984 quaestionum
428 2915 462 2962 ut
477 2879 591 2963 alienas
605 2903 642 2961 ab
658 2907 826 2965 auctoribus
842 2908 1033 2986 Byzantinis,
1058 2907 1195 2985 aquibus
1210 2902 1311 2964 disce·

206 3021 277 3081 dere
300 3023 420 3100 longius
440 3025 505 3081 siue
524 3024 739 3081 inconstantiae
760 3026 930 3103 suspicione
953 3026 1039 3084 nullo
1062 3022 1153 3084 modo
1172 3042 1318 3103 possum,-

203 3138 377 3199 hcmiuibus
400 3138 616 3198 excellentibus
636 3141 668 3199 in
687 3139 746 3201 hoc
766 3162 894 3223 genere,
916 3145 1077 3204 subtilibus
1095 3153 1125 3202 et
1141 3146 1234 3203 acutis
1247 3162 1308 3202 non

203 3261 305 3319 miuus
327 3277 417 3340 quarn
437 3256 657 3321 abundantibus
679 3261 862 3338 eruditione,
884 3265 992 3344 quibus
1013 3272 1095 3321 aetas
1109 3230 1214 3340 nostrai⁸
1226 3270 1307 3319 recte
1322 3280 1353 3336 p.
1370 3282 1406 3321 111

204 3380 365 3458 gloriatur,
387 3376 555 3437 tractandas
568 3380 694 3459 reliqui:
719 3379 756 3439 de
770 3383 916 3462 capitibus
932 3384 998 3441 aliis
1012 3382 1138 3441 fortasse
1153 3382 1212 3439 alio
1226 3391 1307 3438 tem-

202 3518 277 3577 pore
297 3499 441 3577 singulari
464 3499 572 3575 scripto
590 3498 693 3578 lingua
710 3502 871 3560 ventacula
885 3504 951 3581 ipse
968 3520 1067 3581 agam.
1110 3500 1307 3578 inpraesenti
1355 3478 1358 3486 ¹

203 3620 336 3697 prunum
359 3614 396 3675 de
414 3617 497 3675 fonte
516 3618 651 3677 instituto
677 3618 820 3681 subsidiis
845 3619 985 3680 editionis
1008 3616 1113 3691 huius,
1137 3615 1247 3675 deiude
1266 3614 1304 3676 de

202 3738 446 3817 interpretatione
467 3740 589 3813 Latirra,
612 3748 678 3797 tum
697 3736 734 3797 de
756 3739 902 3799 mirandis
919 3734 1099 3820 quibusdam
1116 3746 1168 3795 aut
1186 3755 1305 3795 merno-

203 3858 348 3918 rabilibus
358 3859 391 3916 iu
401 3855 459 3918 hoc
471 3859 574 3918 libello
587 3854 676 3937 Lydi,
700 3854 831 3940 denique
846 3856 884 3918 de
897 3859 1066 3938 fragmento
1077 3855 1147 3914 libri
1159 3855 1205 3912 Da
1215 3874 1307 3914 men-

203 3978 304 4055 sibus,
327 3976 409 4060 quod
428 3998 489 4038 uua
505 3976 624 4060 prodit,
646 3985 798 4056 postremo
815 3972 1010 4037 denotarunt
1023 3993 1161 4035 mearum
1178 3977 1304 4053 ratione,

203 4101 313 4179 partite
328 4101 512 4181 strictirnque
525 4096 634 4158 dicam.
981 4168 984 4171 ⁴

289 4216 407 4279 Codicis
427 4219 576 4278 Caseolini
595 4218 725 4299 quaesit
740 4218 824 4297 origo
839 4224 921 4275 aetas
935 4213 1086 4292 condicio,
1108 4214 1218 4296 quique
1230 4213 1300 4273 fue-
1320 4213 1342 4275 2

203 4336 265 4398 rint
284 4356 385 4417 maus,
408 4340 535 4422 exposui
556 4340 589 4398 iu
611 4336 837 4418 Prolegornenia
855 4335 925 4396 libri
942 4336 988 4395 De
1001 4333 1224 4414 magistratibus
1240 4334 1303 4393 lio-
