3125 4959
261 415 311 485 60
670 414 842 485 loturus
866 416 970 485 LYDI

260 596 328 662 ταῖς
343 586 528 669 ουνθλίψεσι
544 591 615 653 τῶν·
621 594 756 673 νεφελῶν
772 588 809 653 τό
828 587 930 676 ἀέριον
942 592 993 654 καλ
1012 586 1174 676 δραστικὸν
1188 593 1261 677 πῦρ.
1312 593 1364 657 καλ

260 696 364 761 ταιῦνα
378 689 431 754 τὸν
448 688 560 775 ὄρνιθα
572 698 636 767 τοῖς
651 691 742 779 ἴεροΐς
756 698 811 775 τῆς
818 690 922 780 Ἥρας
930 692 959 759 οἶ
974 695 1099 783 φυσικοί
1112 689 1250 760 διδόασιν
1262 692 1363 775 οἶονεί,

259 792 313 858 τόν
329 791 505 879 ἀστερωπὸν
525 792 601 879 ἀέρα
616 792 683 877 ἤτοι
700 793 841 883 οάρανόν.

365 895 424 965 17.
475 896 505 962 οἳ
523 897 579 980 μέν
591 897 728 982 Ἀθηνᾶν
740 898 796 984 τὴν
808 899 914 984 ψυχὴν
928 896 1021 979 εἶπον,
1039 897 1239 986 τριτογένειαν
1256 898 1290 965 δέ
1305 896 1364 964 αά-
1425 933 1427 937 ·

257 997 314 1082 τὴν
337 997 390 1063 tat
413 997 448 1065 τό
471 1010 552 1086 τρεῖς
579 997 653 1066 εἶναι
676 1001 733 1080 τὰς
752 1004 902 1089 ἐνεργείας
921 1010 977 1088 τῆς
990 1008 1114 1086 ψυχῆς·
1141 1003 1170 1068 oi
1187 1003 1386 1088 δέἈθηνάνὸ

257 1102 311 1168 τόν
328 1101 415 1188 ἀέρα,
441 1103 640 1189 τριτογένειαν
656 1106 690 1170 δέ
706 1102 803 1189 αάτὴν
817 1107 868 1172 όιά
882 1106 917 1171 τὸ
930 1109 1010 1193 τρισὶ
1024 1112 1209 1189 μεταβολαῖς
1221 1106 1363 1171 ἀλλοιοῦ-

257 1211 336 1271 σθαι
350 1205 403 1272 τὸν
421 1205 513 1293 ἀέρα,
540 1211 583 1285 είς
598 1207 652 1293 ίαρ
669 1208 809 1293 δηλονότι
826 1211 921 1296 θέρος
935 1235 967 1278 τε
985 1212 1037 1275 καί
1048 1217 1201 1292 χειμῶνα,
1222 1216 1364 1295 γλαυκῶ-

256 1336 309 1374 πιν
328 1310 362 1374 δέ
377 1309 429 1374 leh
444 1308 479 1375 τό
495 1310 552 1394 τὴν
575 1319 631 1376 τοῦ
657 1312 746 1399 ἀέρος
768 1312 843 1395 ἀψιν
864 1313 1028 1399 ἔγγλαυκον
1040 1310 1133 1385 εἶναι.
1189 1314 1315 1400 Περσέα
1330 1314 1364 1378 δέ

257 1412 311 1479 τόν
336 1410 421 1496 ἥλιον
445 1415 495 1478 καὶ
522 1412 662 1500 Γοργόνα
682 1416 738 1500 τὴν
760 1414 878 1503 ἡμέραν
908 1418 941 1481 έκ
965 1423 1021 1481 τοῦ
1044 1413 1156 1500 τάχους
1174 1412 1239 1481 οίον
1261 1420 1363 1494 εἰπεῖν,

259 1513 305 1580 ότι
320 1515 372 1580 cleri
385 1522 442 1580 τοῦ
455 1516 544 1604 ἀέρος
561 1514 578 1581 ό
596 1517 682 1601 ἥλιος
699 1520 875 1607 ἀποτρέχων
895 1520 1052 1603 ἀποτέμνει
1078 1520 1134 1596 τὰς
1155 1516 1280 1604 ἡμέρας,
1302 1515 1362 1583 einh
1372 1531 1408 1585 10

259 1624 314 1701 τῆς
327 1618 463 1704 Ἀθηνᾶς
481 1620 570 1687 οἱονεί
595 1628 650 1706 τῆς
671 1626 816 1710 προνοίας
836 1625 892 1707 τὴν
911 1623 1012 1708 ἅρπην
1034 1623 1116 1707 (ἀντὶ
1133 1629 1188 1704 τῆς
1204 1620 1363 1707 ὀξύτητος)

259 1720 380 1805 λαβών·
407 1724 458 1792 καὶ
480 1724 531 1788 lael
548 1730 638 1790 τοῦτο
654 1727 687 1790 ίν
704 1737 767 1805 τοῖς
783 1723 958 1815 ὡρολογίοις
973 1726 1048 1805 illoc
1058 1722 1265 1814 ε’γγλόρεσθαι
1280 1728 1312 1789 Γ
1308 1744 1364 1815 ορ-

258 1824 334 1911 γόνα
352 1826 418 1891 ἀντὶ
432 1832 488 1891 τοῦ
505 1826 561 1911 τὴν
575 1825 702 1912 ἡμέραν.

362 1926 448 2013 ὑγεία
473 1932 554 1994 ἐστίν
573 1928 593 2013 ἦ
614 1939 675 1997 τῶν
695 1933 839 1999 έναντίων
859 1929 1029 2000 ποιοτότων
1049 1928 1201 1998 ιιατάτόν
1216 1929 1364 1998 contexto

260 2027 350 2117 λόγον
363 2032 569 2120 έπικρατοῦσα
581 2029 721 2121 ἀόναμις.
1370 2040 1406 2096 15

165 2162 194 2217 p.
211 2143 247 2201 67
369 2133 426 2205 18.
480 2134 616 2214 Οόλπιος
637 2138 770 2203 ίιιαλεΐτο
790 2130 807 2200 ὃ
829 2135 985 2222 Τραϊανὸς
1004 2134 1083 2201 κατὰ
1099 2132 1156 2218 τὴν
1176 2139 1234 2201 τοῦ
1248 2131 1364 2220 πατρὸς

259 2239 481 2322 προσηγορίαν,
507 2250 638 2323 κρινῖτον
654 2242 687 2305 δέ
707 2238 905 2306 «habrotoni
921 2237 1112 2322 ε’ἀπλόιιαμον
1127 2247 1192 2317 τοῖς
1202 2234 1364 2320 Ῥωμαίοις

259 2338 355 2406 ἐδόκει
373 2344 476 2407 καλεῖν
500 2339 553 2406 ὁιά
577 2340 633 2424 τὴν
649 2345 717 2425 περὶ
738 2342 795 2417 τὰς
814 2348 869 2424 τῆς
883 2343 1130 2429 κεραλῆςαάτοῦ
1145 2343 1251 2426 τρίχας
1265 2366 1363 2406 σπου-

260 2442 326 2529 δήν.
377 2444 479 2509 καὶτὸ
496 2444 552 2526 μέν
568 2436 858 2530 σῶμαῆνβραχός,
886 2445 926 2509 ui
945 2446 976 2509 δ’
995 2445 1075 2509 ἀλλα
1093 2438 1362 2529 ἀγαθὸςτόντρό

257 2575 315 2613 πον
331 2549 363 2612 έν
376 2546 558 2631 συνασκήσει
574 2547 676 2613 ὅπλων
692 2574 723 2613 τε
739 2551 791 2613 καὶ
806 2550 958 2638 γυμνασίᾳ
976 2544 1129 2629 σώματος,
1152 2546 1209 2610 osia
1224 2546 1405 2630 εάγενοῦςω

258 2648 415 2735 τυγχάνων
429 2652 594 2739 φαμιλίας·
620 2658 780 2738 τριβοῦνος
792 2651 851 2736 γάρ
870 2643 907 2734 ἦν
922 2647 1069 2737 πρότερον
1084 2649 1177 2735 ἤγουν
1194 2647 1362 2737 φίλαρχος.

258 2752 540 2837 συναισθανόμενος
556 2756 589 2819 ἀί
604 2752 646 2831 ὡς
660 2752 792 2839 ἐραστής
804 2756 885 2819 ε’στιν
903 2750 1061 2840 ὃΝερβάς
1077 2750 1094 2817 ὃ
1109 2750 1294 2834 καλοόμενος
1307 2758 1364 2819 τοι)

235 2899 238 2904 -
259 2856 347 2935 ὄντος
367 2858 451 2947 αὐτῷ
471 2861 652 2945 προαστείου
676 2860 743 2944 (καί
765 2858 825 2946 γὰρ
848 2857 956 2945 ὅμοροι
973 2863 1092 2939 μᾶλλον
1106 2858 1175 2942 περὶ
1189 2854 1245 2938 τὴν
1258 2861 1363 2938 κτῆσιν

324 2998 407 3055 tuot
425 2996 459 3055 τὸ
477 3029 512 3042 -
576 2997 756 3085 6αγίτὴνοτα
770 3001 804 3054 Ρ.
926 3001 1048 3067 illilus
1066 3000 1155 3085 mulge.
1250 3068 1264 3083 η
1293 2995 1361 3053 διό

327 3071 407 3140 vulgo
421 3087 463 3128 om
569 3073 602 3124 10
618 3068 698 3123 uni?
801 3071 837 3123 22
859 3067 980 3137 νεροόος
997 3067 1030 3124 τό
1044 3073 1263 3136 montumano
1277 3067 1310 3123 P.

260 3198 288 3244 et
301 3190 415 3243 Martem
429 3208 463 3243 ex
476 3206 509 3243 ea
521 3196 609 3243 natum
621 3189 721 3256 dicunt,
734 3208 783 3260 pro
796 3187 1035 3258 compressionibus
1047 3185 1154 3241 nubium
1163 3188 1252 3258 ignem
1263 3188 1363 3243 aetium

260 3278 276 3312 a
308 3275 339 3311 ue
357 3260 506 3322 ellicacem3
521 3267 549 3312 et
560 3276 688 3328 pavonem
703 3276 776 3313 avom
789 3259 872 3313 sacris
883 3259 992 3315 Iunonis
1003 3257 1109 3331 physici
1119 3258 1277 3327 attribuunt,
1288 3257 1363 3312 velot

260 3337 302 3382 ste
312 3327 343 3379 lis
357 3328 507 3380 distinctum
521 3329 617 3395 a'e'rem,
634 3330 662 3382 id
678 3337 720 3381 est
733 3328 843 3383 caelum.
1387 3332 1391 3337 '

332 3398 375 3451 17.
409 3395 462 3449 Alii
480 3396 627 3451 lllinervam
647 3398 758 3451 animam
778 3399 884 3464 dixere,
909 3397 1058 3451 Tritoniam
1079 3400 1166 3449 eutem
1188 3394 1272 3463 ipeam
1295 3409 1361 3461 pro·

241 3522 243 3527 ,
259 3473 354 3535 pterea
369 3466 440 3535 quod
454 3474 509 3517 tres
527 3473 589 3517 struat
605 3467 684 3539 alelmi
700 3466 853 3528 lacalltates3
872 3466 916 3518 alii
933 3466 1080 3520 Minervam
1098 3466 1194 3528 airam,
1210 3460 1361 3516 Tntoniue

259 3545 347 3587 eutem
364 3536 457 3602 ipsam,
474 3534 544 3602 quod
561 3534 646 3587 tribus
664 3533 850 3587 mutationibus
866 3533 985 3586 variatur
1001 3535 1056 3599 air,
1075 3532 1104 3585 in
1118 3548 1167 3584 ver
1179 3529 1305 3584 videlicet
1317 3537 1359 3583 et·

260 3619 312 3671 que
330 3613 456 3655 aestatem
475 3603 652 3671 hiememque;
670 3602 764 3655 caesiis
782 3602 864 3656 oculis
881 3602 1028 3672 praeditam
1043 3609 1187 3671 propterea
1202 3600 1272 3670 quod
1290 3598 1360 3654 atris

259 3672 344 3725 facies
367 3672 488 3724 caerulea
501 3680 552 3724 est.
587 3672 713 3725 Perseum
730 3680 817 3725 autem
831 3670 913 3726 eol'em
930 3681 959 3726 et
975 3672 1127 3741 Gorgonem
1141 3670 1219 3736 diem,
1237 3687 1270 3722 ex
1284 3667 1360 3721 velo·

258 3740 349 3805 citato,
365 3748 395 3793 ut
410 3740 482 3792 dicat
498 3740 607 3809 aliquale,
644 3742 746 3794 nomam
763 3760 811 3811 per
826 3742 913 3794 aerem
929 3742 1072 3796 decurrens
1087 3739 1127 3794 eol
1145 3738 1276 3794 abscindit
1292 3736 1359 3805 dies,

257 3819 396 3879 postquam
412 3826 429 3862 a
444 3808 565 3861 Minerva
586 3761 672 3874 (νιάιιε
686 3811 866 3877 providentia)
884 3810 977 3865 falcem
995 3813 1056 3881 (pro
1074 3810 1228 3876 velocitate)
1243 3805 1366 3876 accepite

258 3895 335 3948 quam
350 3880 383 3930 ob
399 3894 502 3932 causam
519 3875 547 3928 iu
564 3878 706 3946 horologiis
724 3880 816 3947 Gorgo
831 3879 943 3948 insculpi
959 3880 1037 3948 solet,
1054 3898 1103 3948 pro
1120 3879 1189 3932 dies.
1205 3907 1241 3917 -

327 3946 434 4067 sapitas
448 3957 493 4031 eet
509 3947 698 4003 conueriarun
715 3948 870 4019 qualitatum
887 3950 1030 4003 secuudum
1044 3949 1174 4004 rationem
1189 3944 1359 4003 servatricem

277 4033 358 4070 raeva
369 4034 415 4069 ens
429 4036 482 4072 ms.

258 4034 278 4089 1>
330 4086 371 4138 18.
408 4085 503 4155 Ulpius
517 4087 701 4141 nominabatur
712 4086 888 4141 Traianusex
899 4086 984 4157 patris
996 4086 1117 4151 nomiue3
1130 4085 1259 4140 crinitum
1271 4087 1360 4139 autem

257 4171 318 4209 eum
334 4157 470 4223 (tamqnam
485 4157 619 4225 pulchram
637 4174 735 4209 comam
749 4158 902 4226 habentem)
926 4157 1052 4210 Romanis
1068 4157 1209 4210 videbatur
1225 4151 1361 4207 nominare

277 4233 368 4291 ropter
381 4240 469 4276 curam
486 4224 557 4277 cirea
570 4225 665 4294 capitis
678 4226 762 4293 ipsius
776 4225 873 4279 crines.
909 4235 938 4280 et
951 4243 1063 4296 corpore
1076 4225 1128 4278 lauit
1139 4222 1225 4289 brevi,
1242 4231 1360 4277 ceteram

256 4240 335 4346 honis
349 4292 464 4346 moribus
478 4292 505 4345 in
520 4310 647 4347 mutuorum
665 4310 713 4346 usu
731 4305 812 4364 atque
828 4295 1032 4361 exercitatione,
1050 4311 1107 4347 cum
1122 4309 1173 4345 nou
1186 4290 1270 4346 nubili
1286 4301 1358 4345 omne

258 4369 331 4414 osset
347 4362 461 4416 familia:
477 4362 597 4415 uibunus
616 4362 684 4415 enim
700 4372 761 4416 ants
778 4367 876 4418 iuerat.
921 4364 1038 4418 sentiens
1056 4372 1142 4415 autem
1157 4360 1289 4429 Neruam,
1313 4360 1360 4429 qui

257 4430 451 4499 nominabatur,
467 4430 628 4501 suburbani,
645 4433 716 4504 quotl
732 4432 786 4506 ipsi
804 4441 877 4504 erat,
893 4450 955 4511 espa
973 4439 1103 4487 mmmm
1120 4430 1231 4500 (etenim
1246 4428 1359 4504 proximi
