3125 4959
262 1169 880 1282 'DOMINIGUS
957 1167 1205 1280 FUSS
1317 1228 1453 1289 rm„

541 1374 984 1471 cuonone
1316 1363 1319 1371 ’

211 1814 348 1918 Primae
368 1848 493 1911 editioni
511 1853 632 1919 loannis
647 1852 727 1937 Lydi
741 1855 840 1935 operis
858 1850 896 1914 de
911 1848 1133 1932 Magistrotibus
1149 1850 1194 1909 rei
1208 1850 1311 1931 publi-

212 1974 266 2013 cne
283 1958 454 2032 Romame,
477 1975 568 2036 quam
582 1952 659 2015 mihi
672 1955 826 2017 mandevit
837 1958 886 2018 vie
896 1953 1116 2013 illustrissimus
1129 1954 1214 2012 cuius
1227 1974 1244 2011 e
1258 1973 1311 2012 co-

214 2054 281 2114 dice
305 2059 449 2138 cuiusque
466 2059 670 2118 munificentia
689 2079 769 2118 nunc
781 2062 815 2117 in
826 2060 928 2118 lucem
940 2053 1058 2136 prodit,
1078 2072 1174 2135 pauco
1186 2052 1262 2114 lssec
1272 2052 1313 2115 do

215 2155 318 2214 labore
331 2176 399 2215 meo
410 2159 539 2236 praeferi
552 2180 614 2220 non
627 2163 733 2220 inutile
746 2158 889 2220 iudicavi.

300 2256 420 2333 Codex,
442 2277 502 2339 quo
523 2280 583 2319 uno
602 2283 674 2323 usus
694 2284 780 2339 curn,
802 2273 866 2321 tem
880 2260 962 2319 mele
978 2257 1102 2319 effectus
1119 2261 1167 2318 est
1179 2269 1214 2319 nt
1227 2278 1313 2328 com·

215 2359 353 2440 pluribus
374 2361 450 2426 locis
469 2362 582 2441 legenti
601 2384 721 2443 prorsus
742 2366 781 2423 sit
799 2361 1033 2444 desperandum,
1056 2349 1180 2443 eiusque
1200 2370 1235 2420 nt
1252 2361 1314 2419 elis
1375 2385 1378 2392 ·

215 2462 329 2537 multu,
357 2462 400 2520 sic
428 2482 468 2522 ex
495 2484 584 2543 opere
614 2468 652 2524 de
679 2466 901 2543 Megistrntibus
928 2483 990 2521 non
1009 2481 1106 2541 pauco
1125 2464 1313 2523 interierunt.

215 2582 292 2643 quoe
305 2582 375 2623 vero
390 2583 431 2622 ex
446 2561 504 2625 hoc
518 2568 583 2647 ipso
599 2587 689 2647 opere
704 2587 790 2627 casus
802 2584 956 2646 superesse
968 2565 1081 2639 voluit,
1102 2583 1154 2640 eo,
1175 2565 1313 2647 quemvis
1329 2590 1359 2646 p.
1376 2587 1474 2630 mxu

214 2666 306 2743 poulo
326 2684 417 2745 quom
436 2676 550 2725 ceterae
570 2668 713 2749 reliquiae
731 2669 887 2727 laetiorem
906 2675 1020 2725 sortem
1039 2674 1179 2745 experts,
1208 2667 1313 2727 multis

214 2774 317 2823 tumen
330 2768 404 2825 locis
417 2766 540 2825 obscura
555 2779 672 2839 tantum
686 2771 841 2829 literarum
855 2768 1001 2848 vetigia,
1021 2768 1126 2829 multis
1139 2785 1258 2851 quoque
1272 2787 1313 2829 uo

213 2863 291 2925 lrsec
303 2865 428 2948 quidem
440 2865 595 2927 exhibent.

297 2972 395 3043 Quare
408 2971 506 3049 primo
520 2966 597 3027 milri
613 2990 684 3029 curs
698 2970 756 3031 fuit
770 2981 905 3047 textum,
927 2966 1028 3051 quood
1042 2968 1107 3029 fieri
1121 2980 1241 3049 posset,
1254 2973 1311 3033 'in-

213 3081 334 3148 tegrum
348 3069 477 3130 trudere.
519 3068 591 3130 huie
601 3074 802 3151 ingratissimo
816 3074 935 3134 muneri
947 3093 1002 3152 pro
1015 3073 1128 3131 viribus
1141 3074 1311 3135 satisfecere

214 3174 356 3249 cupiens,
376 3174 591 3254 investigandis
611 3176 765 3235 literarum
787 3177 920 3258 reliquiis
941 3173 1141 3254 comparando
1160 3186 1190 3235 et
1207 3179 1311 3237 oouie-

216 3270 323 3333 claudo
341 3273 506 3352 plurimum
525 3279 668 3357 temporis
686 3281 852 3358 insumpsi3
875 3297 935 3359 quo
961 3276 1086 3358 quidem
1103 3276 1137 3336 id
1157 3292 1311 3342 essecutus
1330 3351 1332 3354 ¹

214 3393 284 3435 sum
305 3384 339 3434 ut
360 3377 480 3435 nonnisi
499 3382 677 3455 paucissima
690 3381 843 3439 omiserim
858 3390 910 3437 aut
923 3398 1031 3438 mauce
1045 3380 1235 3461 reliquerim,
1255 3402 1313 3443 ne·

216 3494 275 3557 que
289 3487 399 3552 tumen,
423 3476 504 3557 quod
518 3483 650 3539 inexisne
665 3482 832 3542 cavendmn
845 3481 998 3562 putabam,
1020 3491 1131 3541 temere
1145 3482 1312 3566 quidquam

214 3579 248 3635 in
274 3588 391 3637 textum
416 3584 589 3659 receperim.
631 3604 685 3643 nec
707 3585 857 3643 minorem
875 3603 977 3642 curem
991 3593 1093 3658 textus
1108 3584 1310 3651 emendationi

215 3679 367 3758 impendi,
389 3682 485 3740 multo
501 3679 676 3759 difficiliori,
697 3694 763 3744 tum
776 3684 860 3768 quod
873 3705 934 3745 uno
949 3695 1068 3744 tentum
1080 3685 1183 3748 codice
1195 3693 1310 3771 utebar,

215 3791 280 3839 tum
299 3779 381 3863 quod
400 3783 541 3841 orationis
558 3780 777 3846 distinctionem
792 3798 845 3847 eut
858 3788 975 3846 nullom
988 3798 1039 3846 sut
1055 3807 1230 3867 perversam
1243 3797 1313 3875 ple-

215 3903 341 3963 rmnque
362 3885 556 3963 reperiebam.
598 3888 670 3946 vitis
692 3901 794 3949 entem
813 3890 988 3969 multiplicis
1004 3892 1127 3968 generis
1141 3897 1255 3973 passim
1268 3909 1313 3959 tot
1324 3919 1352 3973 p·
1365 3916 1475 3961 mxrn

214 3986 423 4062 occurrebant,
444 3997 493 4063 ut,
515 3987 609 4046 sicubi
622 3990 685 4048 sive
699 3990 842 4051 mendum
854 4010 916 4051 uon
934 3988 1159 4071 deprehendero
1172 4000 1236 4059 sive
1250 4003 1313 4059 sni.

214 4105 271 4145 nus
294 4100 373 4148 recte
397 4089 612 4165 emendavero,
635 4093 684 4151 vel
699 4104 820 4173 propter
835 4093 1078 4173 corrigendorum
1091 4095 1245 4165 ingentem
1259 4107 1313 4146 ⁰⁰-

215 4188 296 4265 piem
312 4191 349 4248 ab
363 4192 467 4271 aequis
480 4192 639 4253 lectoribus
654 4197 774 4254 venium
785 4190 905 4275 sperove
918 4198 1026 4257 susim.
1068 4207 1160 4276 etque
1172 4188 1231 4249 1¹0⁰
1244 4190 1313 4249 10⁰⁰

214 4308 331 4371 nequeo
345 4294 418 4373 quin
431 4295 508 4353 (len.
522 4298 637 4356 Besso.
651 4299 753 4355 llnsro
767 4309 798 4356 et
809 4299 977 4359 Gnsoonso
989 4301 1172 4359 Gronomor
1183 4296 1312 4353 Znssco

214 4389 492 4474 Thessalonicensi,
515 4395 694 4460 doctissimis
707 4400 797 4479 viris,
817 4400 937 4481 publice
949 4404 1060 4485 gratius
1073 4416 1181 4482 egomt
1202 4397 1312 4481 quippo
