3125 4959
555 401 614 469 ns
638 399 847 490 uunsruus
871 401 932 469 ιν.
1243 401 1293 471 σο

187 572 457 643 santleonio:
480 578 532 643 καὶ
552 573 676 665 ἄρρενα.
734 579 819 659 δῆλα
842 574 876 641 δὲ
898 576 950 640 καλ
975 570 1069 661 ἄρρεν
1084 571 1196 660 γίνεται
1212 572 1293 639 κατά

187 682 243 767 τὴν
268 688 325 747 soii
355 686 477 768 θερμοῦ
500 678 708 768 ἐπικράτειαν·
739 675 956 758 πλεονάζοντος
981 680 1038 761 μίν
1063 683 1120 742 τοῦ
1149 675 1229 742 κατά
1256 676 1291 741 τό

186 787 309 873 σπίρμα
331 790 470 870 θερμοῦ,
496 784 548 850 δτι
568 790 623 869 τῆς
642 780 760 867 πήξεως
781 784 905 865 ταχείας
918 783 1092 867 γενομένης,
1112 780 1296 868 άρρενοῧταί

186 914 230 969 τι,
256 892 307 953 καί
326 888 602 974 καταγωνιζομίνοο
617 884 794 971 δηλόνεται,
814 883 946 972 βράδιον
959 886 992 951 δι’
1005 881 1193 970 πηγνύμενον
1209 881 1292 970 βρά-

161 994 254 1061 ὅδιον
268 998 319 1058 καί
331 997 520 1077 μορφοῦται.
571 990 617 1057 ὅτι
633 992 666 1056 δι’
682 988 804 1073 ἀληθὴς
818 985 834 1053 ό
848 987 953 1074 λόγος,
978 986 1017 1055 τά
1032 989 1089 1071 μὲν
1106 987 1219 1074 ἄρρενα
1238 989 1290 1051 καλ

185 1102 248 1161 τῶν
272 1093 499 1183 τεσσαράκονθ’
523 1091 647 1182 ἡμερῶν
670 1093 755 1170 ε’ντδς
778 1090 1036 1180 ε’κτιτρωσκόμενα
1061 1092 1289 1177 μεμορφωμίνα

185 1200 361 1285 προπίπτει,
387 1198 426 1265 τά
443 1199 477 1264 δι’
493 1198 595 1283 θήλεα
616 1200 667 1263 καί
684 1196 761 1281 μετὰ
779 1196 836 1273 τὰς
851 1194 1078 1283 τεσσαράκοντα
1092 1191 1237 1281 σαρκώδη
1254 1220 1286 1258 τε
1304 1219 1333 1274 p.
1350 1202 1386 1257 70

185 1304 238 1367 stul
263 1300 471 1369 ἄδιατάπωτα.
534 1301 612 1385 μετά
639 1303 672 1367 δι’
694 1300 750 1384 τὴν
775 1299 883 1383 κόησιν
908 1302 956 1364 ἐπὶ
979 1306 1034 1383 τῆς
1053 1300 1158 1384 τρίτης
1178 1299 1287 1381 τεχθὲν

185 1406 502 1492 άποσπαργανοῦσθαι
523 1405 558 1471 τδ
576 1407 694 1492 βρίφος
710 1406 814 1493 φασίν,
840 1404 888 1467 ini
903 1405 935 1469 δι’
948 1411 1003 1486 τῆς
1019 1400 1143 1485 ε’ννάτης
1161 1404 1287 1486 ι’σχορο-

143 1525 178 1577 10
186 1516 341 1577 ποιεῖσθαι
363 1513 414 1574 καὶ
438 1507 522 1597 άφῆν
542 1505 720 1593 διτομίνειν,
746 1510 794 1575 ἐπὶ
813 1508 846 1573 δι’
863 1513 919 1590 τῆς
930 1512 1177 1596 τεσσαρακοστῆς
1189 1528 1288 1589 προσ-Ι

184 1612 352 1696 λαμβάνειν
369 1612 405 1679 τδ
424 1612 602 1699 γελαστικόν
624 1615 675 1677 καλ
700 1610 852 1697 ἄρχεσθαι
875 1613 1070 1695 ε’πιγινῶσκον
1086 1608 1142 1691 τὴν
1159 1608 1288 1693 μητίρα.

184 1716 234 1780 ἐπὶ
251 1719 283 1783 δὲ
294 1724 350 1801 τῆς
363 1714 713 1801 άναστοιχειάσεωςτοδς
722 1715 807 1791 ἄτοκος
816 1714 972 1799 άριθμοδς
984 1704 1078 1787 αὖθις
1090 1714 1122 1787 ἐξ
1135 1706 1290 1794 όποστρο-

184 1819 510 1909 φῆςποιραφυλάττειν
523 1820 580 1905 τὴν
597 1816 690 1907 φάσιν
696 1866 707 1899 ,
733 1819 784 1883 καὶ
809 1816 853 1882 δι’
878 1808 921 1881 ὧν
942 1816 1088 1898 συνίστη,
1115 1813 1160 1878 δι’
1188 1814 1290 1878 αὖτιῖιν

184 1916 279 2001 αὖθις
302 1922 502 1990 ἄναλάεσθαι.
551 1920 788 2007 τελευτησαντος
808 1925 882 2005 γοῦν
905 1916 1073 2005 ἄνθρωπον
1094 1918 1142 1980 ἐπὶ
1159 1916 1216 1999 μίν
1234 1923 1290 2000 τῆς

143 2029 287 2112 15τρίτης
301 2028 477 2093 ἀλλοιοῦται
489 2034 644 2103 παντελοῦς
660 2029 710 2091 καὶ
728 2024 781 2107 τὴν
797 2025 955 2109 ἐπίγνωσιν
971 2029 1026 2103 τῆς
1043 2019 1145 2103 ἄψιως
1158 2018 1289 2084 διαπάλ-

184 2133 254 2195 λοσι
270 2131 304 2195 Ιτδ
321 2138 429 2214 σῶμα,
455 2134 502 2196 ἐπὶ
520 2131 553 2195 δὲ
572 2138 627 2214 τῆς
642 2127 766 2213 ε’ννάτης
786 2130 909 2213 διαρρεῖ
922 2122 1046 2204 σύμπαν
1055 2169 1066 2202 ,
1091 2121 1138 2213 δ’τί
1153 2123 1289 2204 σωζομί-

183 2256 239 2313 νης
251 2233 335 2321 αὐτῷ
349 2242 403 2317 τῆς
416 2237 560 2321 καρδίας·
580 2235 628 2299 ἐπὶ
647 2235 680 2298 δὲ
694 2240 749 2315 τῆς
758 2228 1063 2317 τεσσαρακοστηςκαὶ
1071 2224 1151 2309 αὕτη
1168 2252 1286 2291 σοναπ·

184 2330 309 2401 όλλυται
330 2342 374 2424 τῷ
398 2340 496 2401 παντί.
556 2337 608 2402 διὰ
627 2344 717 2402 τοῦτο
738 2338 842 2423 τρίτην
865 2336 991 2415 ε’ννατην
1019 2333 1071 2396 καί
1096 2355 1286 2414 τεσσαρακο-

183 2437 258 2521 στὴν
280 2440 328 2503 ε’πλ
352 2442 415 2505 τῶν
431 2436 623 2523 τεθνηκότων
639 2436 845 2528 φυλάττουσιν
858 2437 887 2501 oi
906 2438 1088 2521 ἓναγίζοντες
1103 2433 1218 2509 αότοῖς,
1231 2439 1287 2514 τῆς

137 2542 216 2613 Ξοτί
234 2567 306 2608 ποτε
327 2540 502 2619 συστάσεως
522 2548 577 2625 τῆς
597 2567 628 2607 τε
647 2541 716 2625 μετ’
734 2544 846 2627 ἐκείνην
863 2537 1027 2616 ἐπιδόσεως
1048 2536 1149 2602 καὶτὸ
1174 2536 1213 2619 δὴ
1230 2536 1286 2600 πί-

182 2668 240 2730 ρας
256 2643 430 2723 ἄναλόσεως
444 2643 741 2730 ίιιιμιμνηοκόμενοι.

252 2856 267 2908 1
287 2848 376 2939 ἄρρην
389 2856 459 2925 spui
473 2856 494 2909 S
595 2854 884 2929 λκαταγανιζομίνοο
896 2852 1063 2910 lloellrerusr
1079 2820 1149 2922 sord
1163 2848 1185 2903 S
1198 2866 1284 2903 κατα·

249 2928 442 2993 γωνιζομενον.
545 2924 562 2979 6
578 2926 882 2997 τεσσαρακονθημίριον
896 2924 986 2995 vulgo.
1073 2915 1285 2986 ἕκῑῑτοωωῑθμὲ·

250 3011 306 3055 νοις
322 2995 397 3047 libri:
409 3012 448 3059 ,on
466 2990 698 3061 ίκτιτροοσκόμενα
714 2994 811 3065 inore?
993 2994 1026 3047 11
1042 2986 1232 3059 ἐπιγινώσκειν
1249 2985 1283 3043 P.

249 3065 284 3117 21
302 3060 553 3131 ἐπιμιμινησκόμενοι
569 3068 638 3133 opud
656 3066 687 3117 S.

180 3251 276 3318 fertur,
292 3248 407 3303 decimus
420 3256 507 3306 sulem
519 3252 655 3323 perlectus
669 3256 754 3305 estse
766 3246 906 3305 ninculus.
921 3247 1031 3303 feminei
1043 3254 1129 3304 sutem
1143 3253 1171 3303 st
1180 3262 1284 3301 moscu-

157 3337 161 3345 ·
181 3321 230 3373 lini
250 3320 356 3389 generis
376 3321 422 3385 lit,
447 3331 526 3389 prout
551 3322 646 3376 caloris
669 3322 752 3375 maior
769 3322 888 3373 minorve
902 3320 943 3371 vis
961 3328 1018 3372 ests
1040 3318 1208 3389 praevalente
1222 3316 1283 3385 qui-

180 3394 240 3444 dem
253 3409 285 3442 eo
291 3390 378 3441 calore
388 3391 433 3458 qui
440 3387 469 3441 in
476 3392 574 3443 semine
587 3400 637 3457 est,
651 3390 750 3473 quippe
763 3407 821 3443 cum
834 3387 981 3458 coagulatio
997 3389 1167 3454 acceleretur,
1180 3404 1283 3440 moscu-

180 3459 221 3512 lus
238 3460 376 3522 redditum
408 3459 454 3527 qui
475 3459 521 3511 ubi
544 3460 728 3529 supprimitur,
751 3458 881 3513 femineus
902 3458 943 3511 fit.
988 3458 1091 3512 tordius
1111 3467 1198 3511 sutem
1211 3455 1283 3524 quod

179 3528 342 3597 coagulatur,
358 3528 556 3581 tordiusetiern
572 3530 709 3581 formatur.
751 3546 843 3581 verum
860 3536 947 3581 nosen
964 3545 981 3579 s
997 3528 1075 3582 nobis
1090 3526 1144 3580 dici
1160 3527 1224 3593 (hoc
1239 3524 1281 3577 in-

178 3598 249 3651 dicio
267 3600 332 3664 est),
349 3600 418 3717 ηιιοδ
436 3597 543 3649 masculi
560 3605 651 3679 portius
668 3596 746 3648 etiarn
763 3597 835 3648 intra
850 3596 1026 3663 quadragintos
1041 3597 1108 3662 dies,
1126 3596 1151 3647 si
1167 3612 1216 3663 per
1232 3597 1281 3648 nb-

178 3675 265 3721 ortum
278 3664 354 3736 expel
366 3676 452 3732 unt-ur,
465 3668 571 3719 forman
583 3666 716 3731 excidunt,
729 3664 837 3717 feminei
849 3672 936 3716 autern
946 3663 1025 3716 etiarn
1036 3672 1099 3733 post
1108 3664 1284 3734 quodraginta

179 3737 237 3790 dies
254 3736 343 3789 cornei
360 3745 388 3789 ot
404 3737 540 3789 informes.
582 3743 644 3806 post
655 3734 842 3802 graviditatem
864 3738 951 3785 sutem
966 3733 1047 3785 tertio
1064 3734 1108 3785 die
1125 3741 1282 3802 prognatum

177 3805 306 3858 infantem
321 3804 411 3859 fasciis
423 3804 524 3859 exsolvi
537 3806 636 3871 dicunt,
650 3820 719 3857 nono
733 3811 820 3856 sutem
832 3801 982 3855 continuari
992 3810 1021 3855 et
1030 3810 1127 3855 tsotum
1140 3804 1282 3869 sustinere,

176 3875 380 3945 quadragesimo
410 3882 496 3927 sutem
525 3891 658 3928 assumere
680 3870 831 3927 facultatem
855 3870 960 3926 ridendi
982 3879 1010 3924 et
1033 3871 1152 3941 incipere
1172 3880 1281 3924 matrem

176 3960 333 4012 agnoscere.
367 3944 395 3996 in
411 3944 582 3997 dissolutione
600 3953 686 3996 autom
700 3942 806 3995 eosdem
818 3956 909 3994 rursus
922 3958 1043 4012 numeros
1057 3951 1222 3994 retroversus
1236 3958 1281 3992 se·

176 4014 222 4083 qui
238 4021 366 4079 naturam,
381 4019 409 4065 et
422 4014 517 4082 quibus
532 4020 644 4079 constet,
657 4012 751 4065 iisdem
764 4027 856 4064 rursus
867 4009 986 4064 dissolvi.
1022 4011 1102 4064 tertio
1111 4010 1281 4078 igiturpost·

176 4099 255 4152 qutun
269 4088 387 4134 mortuus
404 4081 480 4135 homo
495 4089 536 4136 est
555 4083 599 4136 die
622 4097 717 4151 corpus
737 4080 842 4134 omnino
866 4088 1053 4146 commutatur,
1075 4087 1104 4132 et
1124 4079 1209 4132 socies
1224 4078 1281 4130 eius

176 4150 286 4219 agnosci
301 4148 411 4220 amplius
428 4168 480 4204 non
497 4160 601 4235 potest3
623 4168 692 4204 nono
709 4150 809 4204 diffluit
822 4150 988 4217 universum,
1005 4166 1063 4203 curn
1079 4148 1106 4201 ei
1121 4149 1207 4201 adhuc
1222 4163 1280 4199 ser-

177 4226 256 4272 vetur
272 4237 333 4287 σοις
348 4221 548 4289 quadragesimo
564 4228 650 4274 sutem
664 4220 715 4273 hoo
732 4236 837 4290 quoqne
850 4237 903 4273 uns
918 4235 975 4272 oum
992 4219 1116 4272 universo
1133 4216 1282 4270 conficitur.

177 4295 321 4371 proniores
342 4290 449 4343 tortium
470 4307 564 4343 nonum
581 4298 609 4343 et
623 4289 850 4360 quadragesimum
866 4289 893 4342 in
915 4288 1025 4342 mortuis
1046 4295 1193 4358 sequuntur
1213 4284 1283 4337 diem

177 4373 224 4425 qur
233 4374 267 4408 ns
279 4365 429 4427 parentent,
441 4366 470 4412 et
483 4358 591 4430 pristini
598 4368 671 4415 ortus
683 4365 711 4415 ot
719 4376 777 4416 eum
790 4358 876 4414 secuti
888 4357 1044 4413 inoremsnti
1057 4365 1086 4412 st
1096 4373 1163 4411 roro
1174 4361 1281 4425 postre-

176 4442 219 4479 τοο
233 4425 412 4481 dissolutionis
427 4445 566 4485 memores.
