3125 4959
232 370 255 418 κ
396 379 397 383 ’
521 352 632 421 Hlsn
655 354 713 421 DE
736 352 895 423 lomna
919 356 1037 425 LYDO

197 546 218 615 4
323 551 461 612 Profecto
480 553 562 612 esaim
574 554 608 613 in
622 551 711 614 huius
730 556 874 636 principis
886 567 1016 617 aetatem
1027 558 1250 622 accommodare
1264 564 1324 623 ali·

234 653 303 735 qun
315 656 410 736 possit
421 652 499 714 illud
511 662 617 736 poitae
630 655 738 717 inediti
752 669 782 718 et
793 658 957 720 admodum
970 662 1135 741 elegantis:

397 754 441 832 ὥς
454 752 489 820 di
501 758 731 823 θαλασσαῐοισιν
746 760 780 825 ἐν
795 762 918 843 vitnau
932 766 1025 844 νῆσος
1039 758 1154 847 ἀνίσχει

397 858 537 940 δαιδαλέη
550 854 705 941 onisco
719 860 771 927 uui
786 858 962 946 &possiem
976 861 1121 952 κορύμβῳ

396 959 450 1024 soi
462 966 582 1048 θαλερῷ
593 967 716 1045 λειμῶνι
728 964 781 1029 sci
794 961 998 1051 eridivdposcsv
1011 968 1157 1052 ἐρίπναις,

398 1059 456 1144 τήν
468 1061 501 1128 di
512 1062 745 1149 unpanioioceac
758 1068 965 1149 ἕπολβῐζουσιν
977 1068 1073 1136 ὁδῖται

398 1160 489 1247 ἄλγεα
500 1166 710 1249 βονκολὲοντες
722 1164 899 1251 dissentirem
912 1173 1068 1257 μερίμνης.

123 1339 124 1342 ¹
143 1284 169 1335 p.
189 1282 219 1319 nr
237 1266 321 1325 cuius
342 1266 482 1345 imaginis
504 1288 594 1351 saepe
610 1268 688 1331 mihi
703 1272 787 1332 venit
804 1274 837 1331 in
857 1286 991 1334 mentem
1012 1284 1077 1334 tam
1088 1273 1122 1332 in
1136 1267 1193 1331 hoc
1208 1279 1329 1352 tempus

236 1368 381 1442 intuenti,
401 1367 482 1449 quod
502 1380 646 1454 tanquam
665 1373 765 1435 irrsula
783 1373 934 1435 lorumata
949 1378 982 1436 iu
995 1378 1072 1436 mari
1082 1376 1191 1435 infesto
1207 1374 1328 1450 eniteat,

237 1488 330 1550 qnam
347 1470 381 1529 in
398 1468 539 1537 historiae
552 1476 735 1555 Byzantinus
749 1475 913 1555 studiosos,
935 1499 976 1539 ex
990 1482 1057 1540 luce
1070 1478 1243 1539 Iustinianei
1258 1495 1329 1535 sae-

238 1572 299 1631 culi
325 1575 359 1631 in
386 1576 556 1636 Heracliani
583 1580 742 1659 caliginem
766 1580 865 1638 subito
885 1578 1062 1642 incidentes.
1104 1584 1216 1640 etenim
1235 1588 1270 1638 ut
1288 1580 1329 1637 sit

237 1678 374 1757 quamvis
395 1678 601 1757 vituperabilis
623 1683 779 1739 Iustiniani
801 1691 883 1741 aetas
898 1684 965 1744 aliis
982 1686 1087 1761 rebm,
1109 1685 1211 1744 oculos
1227 1692 1329 1740 tamen

237 1779 409 1857 perstringit
429 1780 545 1852 obiecto
564 1781 721 1860 splendore
737 1782 869 1865 quodam
882 1805 944 1845 nou
957 1786 1049 1848 modo
1062 1788 1108 1846 rei
1118 1786 1256 1846 militaris
1273 1781 1330 1844 sed

238 1874 331 1939 etiam
355 1880 525 1941 literarum:
554 1877 661 1942 habuit
684 1892 788 1964 potstas
816 1889 1003 1967 tolerabiles,
1035 1886 1232 1970 philosophos
1266 1904 1330 1945 non

237 1985 360 2043 omnino
381 1981 559 2062 delirantes,
580 2006 681 2046 rersun
702 1990 860 2068 scriptores
874 1994 967 2051 etiam
979 1993 1158 2051 luculentos.
1200 2007 1330 2070 quorum
1373 1993 1385 2016 ⁰

236 2086 373 2143 omniurn
390 2087 423 2144 in
442 2108 568 2148 numero
588 2087 709 2168 Lydum
729 2090 855 2150 fortasse
872 2094 976 2171 reponi
997 2102 1129 2171 oportet,
1156 2110 1331 2174 quanquam

237 2205 315 2268 quae
337 2190 468 2249 carmine
489 2192 640 2269 scripserit
660 2209 721 2249 non
746 2203 906 2271 superant:
928 2195 1081 2275 scripsisse
1096 2206 1202 2255 tamen·
1215 2202 1331 2253 constat

237 2308 279 2348 ex
299 2288 396 2350 edicto
415 2292 619 2371 imperatoris,
647 2313 680 2373 p·
699 2292 763 2356 222
781 2291 820 2370 4,
849 2294 992 2356 laudante
1014 2298 1193 2357 suavitatem
1210 2298 1275 2355 eius
1296 2298 1330 2351 in

235 2395 372 2473 poeticis.
413 2414 519 2454 verum
535 2414 612 2477 quae
626 2395 754 2454 feliciter
770 2396 983 2456 interciderunt
998 2409 1050 2455 aut
1062 2400 1173 2469 latent,
1194 2414 1231 2451 ea
1246 2396 1330 2453 sina-

236 2515 304 2555 mus
319 2498 482 2578 quiescere.
511 2494 735 2577 philosophiam
747 2497 851 2575 Lydns
863 2509 942 2554 certe
954 2498 1069 2573 attigit:
1088 2493 1150 2553 vid.
1162 2513 1195 2571 p·
1208 2496 1273 2557 219
1296 2490 1331 2556 4.
1394 2508 1398 2515 “

237 2616 277 2656 an
291 2601 408 2677 scriptis
423 2598 510 2658 editis
522 2600 686 2673 illustrarit,
708 2598 821 2676 ambigi
832 2605 941 2677 potest.
957 2620 959 2624 ¹
977 2616 1049 2654 nam
1063 2594 1145 2676 quod
1154 2595 1201 2654 illi
1214 2591 1331 2653 adscri-

235 2699 316 2759 bitur
331 2702 558 2759 commentariue
573 2700 607 2757 in
629 2697 865 2777 Theophrastum
881 2700 919 2758 de
932 2718 1022 2757 serrare
1040 2709 1069 2757 et
1079 2698 1248 2777 planura:
1265 2696 1331 2756 sire

236 2804 336 2881 potius
355 2803 389 2862 in
412 2804 514 2864 locum
535 2818 576 2861 ex
595 2802 673 2861 libro
694 2802 798 2883 quinto
823 2798 1022 2881 Physicorum
1038 2798 1251 2880 ·Theophrasti
1278 2798 1332 2880 (r.
1357 2843 1362 2850 .

206 2887 208 2891 ⁵
236 2906 355 2963 Harles.
376 2905 456 2964 Bibl.
477 2906 583 2965 Graec.
603 2904 666 2965 vol.
688 2909 709 2969 8
732 2924 765 2984 p·
786 2901 849 2969 444
875 2914 906 2963 et
930 2904 1066 2984 Gatalog.
1087 2900 1231 2963 Biblioth.
1253 2904 1332 2980 neg.

237 3006 333 3063 Paris.
348 3006 429 3069 1739
442 3006 496 3063 iol.
510 3017 587 3084 part.
599 3009 620 3068 2
632 3026 664 3083 p·
674 3004 775 3085 424),
797 3004 830 3064 id
843 3016 944 3086 aperte
956 3008 1069 3067 falsum
1078 3018 1133 3067 est.
1176 3023 1333 3064 commen-

238 3108 332 3166 tarius
352 3105 434 3163 euim
453 3106 524 3179 ille,
547 3106 601 3185 qui
620 3115 718 3163 exstat
739 3108 772 3162 iu
790 3105 855 3164 cod.
873 3119 975 3166 nostro
996 3110 1091 3185 Regio
1107 3105 1204 3182 1954,
1226 3116 1332 3186 estque

158 3235 186 3289 p.
204 3233 222 3270 x
238 3196 337 3289 primo
356 3226 444 3267 cusus
458 3207 606 3267 aVictore
617 3206 809 3265 'l'rhrcarello
822 3208 927 3266 venet.
944 3207 1023 3271 1535
1036 3209 1091 3265 fol.
1105 3228 1246 3265 unacum
1257 3208 1333 3275 Ale-

102 3352 105 3359 ·
217 3310 348 3373 -xandri
367 3308 609 3391 Aphrodisiensis
629 3308 869 3385 Quaesticnibus,
891 3310 996 3368 referri
1016 3306 1106 3367 debet
1126 3328 1188 3368 non
1208 3307 1248 3369 ad
1267 3311 1334 3390 hy-

239 3414 313 3473 dum
326 3424 461 3473 nostrmn
473 3412 528 3473 sed
543 3411 582 3471 ad
595 3396 779 3471 Priscianum
796 3409 930 3491 Lydum,
952 3412 1006 3492 qni
1030 3410 1122 3470 simul
1137 3431 1207 3472 cum
1217 3409 1333 3472 Isidoro

238 3517 398 3576 Damascio
411 3507 567 3597 Simplicio
579 3516 706 3597 aliisque
719 3515 858 3595 antIquae
870 3512 1223 3597 religionis’philosophis
1234 3513 1333 3574 Athe-

239 3622 287 3679 nis
303 3630 333 3678 et
345 3620 472 3700 imperio
486 3620 645 3679 Iustiniani
657 3618 793 3691 excessit,
810 3625 913 3697 estque
927 3614 1049 3675 demum
1062 3618 1161 3684 etet
1175 3615 1340 3679 ochosiae

239 3725 398 3780 Persarum
411 3742 483 3802 rege
498 3723 532 3781 iu
548 3722 652 3782 orbem
664 3723 833 3780 Romanum
845 3716 1002 3779 reductus:
1023 3742 1055 3781 v.
1075 3719 1196 3781 Gibbon
1207 3724 1333 3799 IIsitory

240 3824 283 3905 os
295 3824 344 3883 tlte
365 3824 479 3884 declim
497 3823 642 3903 ondsoll
661 3832 717 3884 etc.
741 3818 836 3884 rol.4
852 3822 981 3882 laudus
997 3824 1088 3900 1788,
1105 3823 1139 3901 4,
1161 3846 1192 3905 p·
1210 3826 1270 3889 118
1284 3842 1333 3902 sq·

241 3929 326 4009 isque
337 3929 506 3987 Priscianus
521 3924 625 4006 hydns
638 3935 749 4007 quanto
761 3924 879 3985 facilius
891 3946 960 3986 cum
973 3926 1059 4007 hydo
1074 3937 1176 3988 nostru
1189 3922 1333 3985 confundi

242 4032 351 4110 possit,
373 4032 484 4111 quippe
503 4031 621 4110 aequali
643 4048 697 4089 suo
714 4036 744 4086 et
757 4028 912 4107 populari,
932 4027 990 4091 hoo
1005 4032 1169 4089 accuratius
1183 4038 1229 4087 est
1243 4026 1280 4085 ab
1294 4047 1332 4087 eo

242 4129 480 4211 distinguendus.
521 4134 609 4191 venIo
631 4130 671 4189 ed
691 4128 831 4190 historica
851 4135 961 4213 scripta
976 4131 1057 4213 Lydi
1071 4130 1181 4205 nostri,
1203 4146 1333 4208 quorum

243 4231 304 4292 duo
317 4244 386 4293 sunt
399 4253 524 4313 genera,
546 4234 655 4311 altera,
678 4252 754 4314 quae
768 4253 864 4295 senex
876 4234 988 4311 edidit,
1011 4232 1109 4293 adhuc
1124 4249 1165 4309 ex
1178 4240 1263 4310 parte
1275 4248 1333 4289 ex-

244 4338 368 4415 stantia,
389 4338 482 4398 altera
504 4336 541 4397 ah
567 4334 755 4399 adolescente
777 4339 956 4420 composita,
977 4354 1053 4420 quae
1068 4336 1187 4416 penitus
1201 4352 1333 4396 evanue-
