3125 4959
566 461 911 532 committamus,
1172 482 1288 531 xxxvrr

196 671 309 723 memet
338 660 440 743 ipsum
467 658 520 723 hic
547 655 712 723 'consistere
740 663 853 743 patitur
880 658 1072 740 praefationis
1100 661 1287 723 institutum

195 784 289 847 quare
306 764 334 825 si
353 784 417 847 ¹(pm
440 774 510 825 sunt
529 775 682 846 praeterea
705 767 815 847 quibus
834 762 925 823 editio
939 761 1117 823 Scironiana
1135 762 1289 824 emendari

195 868 307 948 possit,
335 868 413 927 sicut
424 877 509 946 sunt,
540 888 577 927 ea
592 866 777 929 commodius
790 870 822 927 in
835 869 915 927 uotis
930 864 969 925 ad
980 866 1091 929 librum
1103 864 1141 925 do
1156 868 1289 927 Ostentis

196 978 385 1051 exponentur
395 964 436 1049 *)·

279 1069 341 1132 Sed
357 1070 460 1130 illuxit
470 1065 592 1129 tandem
605 1070 766 1154 aliquando
776 1072 883 1131 laetior
896 1068 983 1151 Lydo
995 1067 1061 1129 dies
1070 1088 1099 1129 a.
1110 1064 1201 1144 1784,
1217 1086 1287 1128 carm
1305 1063 1348 1127 28

196 1173 284 1253 cpoli
298 1183 401 1252 ageret
413 1170 658 1233 christianissimi
680 1176 758 1254 ragis
780 1172 819 1233 ad
834 1184 953 1252 portam
966 1170 1167 1232 0thomanarn
1184 1172 1289 1250 splen-

196 1274 287 1335 didus
298 1277 434 1357 legatus,
456 1276 579 1335 Gabriel
593 1279 745 1357 Augustus
764 1274 801 1335 de
817 1274 1130 1349 Ciroiseul-Gonffier,
1149 1273 1290 1351 publica-

196 1397 264 1437 rum
278 1398 379 1437 rernm
395 1378 520 1439 scientia
533 1398 594 1438 uon
613 1384 715 1439 minus
730 1399 822 1460 quam
838 1380 934 1462 gloria
951 1379 1099 1436 maiorum
1115 1376 1230 1449 clamo,
1259 1383 1291 1433 et

195 1480 229 1538 in
244 1489 403 1558 utramque
419 1477 605 1538 academiam
621 1483 676 1540 illo
690 1485 751 1540 iarn
765 1492 899 1557 tempore
914 1488 1078 1556 moptatus,
1098 1496 1168 1537 cnm
1178 1478 1210 1535 in
1221 1495 1290 1535 eant

196 1599 274 1660 quae
286 1580 518 1659 inscriptionum
529 1582 698 1657 vocabatur,
714 1578 922 1639 eruditissimis
935 1578 1173 1657 acutissimisque
1186 1576 1290 1638 homi-

195 1682 284 1739 nihus
308 1682 445 1739 maximo
466 1690 540 1739 tunc
557 1683 727 1756 florentem,
759 1692 826 1740 tum
839 1680 1030 1753 maltorum,
1056 1678 1140 1737 cuius
1157 1680 1289 1757 glorioso

196 1783 300 1842 labore
321 1792 352 1843 et
368 1785 551 1843 Francorum
570 1784 674 1843 literae
693 1782 903 1841 immortaliter
920 1781 1084 1839 illustratae
1100 1790 1170 1839 sunt
1188 1790 1218 1839 et
1237 1781 1289 1839 iu·

197 1894 334 1964 corrupto
351 1894 396 1944 est
411 1886 557 1944 sermonis
572 1885 666 1970 nostri
681 1884 838 1964 integritas
851 1892 1023 1943 constanter
1037 1891 1221 1940 conservata.
1261 1882 1290 1941 is

197 1987 401 2046 nohilIssimus
412 1987 473 2064 vir,
506 1984 677 2046 liberalium
694 1987 805 2047 artium
818 1987 978 2067 omnisque
991 1981 1187 2043 humanitatis
1199 1980 1290 2042 laude

199 2086 440 2164 commendatus,
469 2108 538 2147 curn
554 2089 587 2147 iu
605 2090 702 2168 primo
715 2090 879 2149 iuventutis
892 2088 966 2149 flore
979 2096 1010 2147 et
1021 2087 1224 2145 maximarum
1240 2105 1291 2151 re-

200 2210 265 2247 rum
279 2210 366 2249 cursu
380 2200 467 2264 esset,
488 2191 552 2248 iam
563 2199 635 2247 tmrc
646 2210 719 2270 prae
732 2188 884 2250 doctrinas
897 2187 996 2249 studio
1012 2185 1135 2248 delicias
1147 2206 1291 2269 asperus·

200 2301 246 2350 tus
260 2292 417 2348 Graeciam
429 2292 555 2347 lustrare
568 2300 728 2367 statuerat,
759 2303 791 2353 ct
805 2295 996 2374 antiquonun
1014 2288 1174 2350 hominum
1184 2308 1291 2350 manes

198 2412 234 2451 ac
247 2392 362 2471 species
374 2393 571 2470 interrogare,
597 2410 653 2471 per
668 2402 711 2451 tot
723 2392 862 2468 urbiann,
889 2392 1135 2474 Athenarumque
1146 2394 1291 2473 ipsarum,

101 2518 106 2525 ·
198 2492 428 2572 caecarestigia
442 2494 555 2573 passim
568 2502 711 2553 errantes.
752 2493 858 2575 quain
870 2496 1111 2572 peregrinatione
1127 2514 1220 2575 qnam
1236 2514 1291 2554 cu·
1306 2510 1335 2565 p·
1352 2507 1411 2549 uu

200 2599 312 2655 riosum
326 2616 392 2656 sese
406 2592 577 2655 exhibuerit
590 2595 788 2675 politIssimua
803 2596 957 2655 vetustatis
969 2592 1193 2673 indagatorem,
1219 2596 1291 2653 lite-

197 2708 280 2760 ratus
296 2694 388 2755 homo
404 2698 437 2755 in
452 2700 572 2775 Europa
584 2716 676 2755 nemo
698 2706 743 2755 est
764 2697 818 2776 qui
838 2696 962 2760 nescim.
1004 2697 1200 2777 quamobrem
1213 2694 1291 2755 mihi

200 2795 325 2878 quidem
341 2794 450 2875 dignus
470 2799 603 2877 prolecto
621 2796 740 2857 ridetur
749 2798 853 2858 ‘fuisse
867 2797 920 2879 qui
933 2816 995 2856 non
1007 2796 1129 2879 Lydum
1144 2808 1291 2874 nostrum,

199 2898 255 2961 sed
269 2900 435 2981 principem
448 2901 581 2981 aliquem
599 2918 640 2959 ox
654 2900 775 2960 Graecis
795 2898 1004 2978 scriptoribus,
1035 2900 1169 2957 maxime
1187 2909 1289 2958 antem

199 3024 218 3061 c
231 3004 339 3082 po'e'tis,
361 3004 413 3084 qui
429 3004 590 3081 perieram,
612 3001 649 3059 ab
664 3000 768 3060 inieris
783 3000 944 3075 excitarat,
966 2998 1167 3059 Menandrum
1179 3000 1291 3061 videli-

200 3112 292 3163 cetat
306 3100 511 3183 Sophronam,
540 3105 590 3163 vel
602 3100 786 3182 Sophoclem
796 3111 847 3161 aut
861 3099 1027 3161 Pindarum
1041 3122 1081 3162 ex
1096 3100 1147 3164 his
1163 3122 1292 3188 quorum

198 3206 310 3285 scripta
331 3224 393 3264 non
409 3224 518 3285 parum
536 3206 624 3284 plura
645 3208 754 3265 amissa
778 3223 872 3287 quam
892 3214 1007 3264 retenta
1022 3215 1102 3265 suat.
1144 3204 1184 3264 ad
1198 3225 1290 3287 quern

201 3310 284 3367 enim
298 3307 397 3386 potius
412 3306 561 3365 eiusmodi
575 3310 778 3367 inventionem
792 3308 941 3386 pertinere
956 3304 1107 3381 dicamus,
1139 3326 1229 3389 quam
1250 3306 1290 3366 ad

201 3430 273 3469 eum
291 3410 346 3490 qui
363 3428 423 3467 nou
442 3410 551 3467 minori
569 3407 689 3468 dicendi
703 3409 827 3467 artificio
845 3426 937 3488 quam
953 3404 1153 3485 cognoscendi
1171 3409 1289 3487 peritia,

202 3529 400 3593 quaecunque
422 3511 481 3571 sibi
494 3510 650 3569 Graeciam
671 3511 842 3592 peragranti
861 3519 1066 3584 cameratam,
1095 3519 1159 3568 tam
1178 3507 1290 3569 vividis

203 3613 350 3673 coloribus
366 3614 522 3694 expressit,
544 3623 577 3672 ut
589 3633 693 3673 omues
706 3611 907 3691 intelligerent
920 3608 999 3668 nihil
1010 3630 1076 3668 esse
1087 3630 1149 3669 non
1161 3613 1288 3671 oratoria

202 3724 320 3775 tantum
340 3714 405 3773 eius
423 3715 478 3776 sed
499 3717 614 3798 potitiae
639 3717 731 3775 etiam
755 3716 898 3775 facultate
924 3714 1133 3791 praestantius.
1184 3731 1290 3774 verum

202 3909 408 3923 m

270 4035 298 4103 *)
314 4034 356 4089 De
368 4031 503 4091 Mensibus
518 4042 644 4104 excerpta
660 4042 721 4105 post
732 4034 880 4089 Scirowiom
891 4032 966 4087 Gaii.
979 4031 1128 4087 Roetherus
1140 4031 1291 4103 recognocit

205 4111 283 4171 utque
300 4107 460 4167 manuducit,
476 4120 490 4155 c
504 4103 605 4155 Graeco
622 4107 650 4157 ic
668 4108 792 4159 Latinum
808 4104 933 4157 mcertis
949 4110 976 4156 ct
991 4109 1117 4171 perpetuo
1133 4118 1190 4154 cum
1204 4119 1253 4154 suc
1264 4108 1289 4153 ct

204 4173 319 4226 Sottomii
335 4183 389 4228 tam
405 4171 481 4226 lloss’i
497 4178 523 4224 ct
542 4172 663 4225 Gotarzen·
685 4176 842 4242 utramnque
862 4172 1033 4225 adsectatione
1054 4171 1191 4237 iustruxit,
1208 4170 1288 4252 judi·

231 4260 1006 4366 ,a

204 4326 468 4503 iddtffitcishrgumroti
489 4349 560 4434 locod
578 4380 782 4451 ingeniosissimo
800 4382 901 4451 partim
923 4327 1070 4437 mauldoit
1084 4379 1185 4451 purtim
1200 4378 1290 4448 sepina

200 4465 283 4501 aaut.
