3125 4959
427 424 485 490 DE
508 420 846 489 lllAGISTRAllBUS
869 422 905 489 P.
922 422 964 492 R.
987 421 1067 491 ΠΒ.
1087 424 1143 493 lll.
1255 427 1330 498 2⁵5

232 594 314 663 ίστιν
334 590 383 663 lisa
407 597 457 660 sul
481 593 573 661 αότόν
593 590 723 659 ῶκεανδν
744 604 808 670 τοῖς
826 592 931 673 ὅπλοις
953 591 1145 679 ...ἄγοντος
1196 603 1241 685 τῶ
1256 604 1329 682 γοῦν

233 700 300 776 ἀξεΐ
311 698 416 787 δρόμῳ
431 696 468 763 τά
482 704 536 780 τῆς
547 693 704 781 μηνόσεαις
722 723 763 782 πρ
1215 687 1217 692 ’

232 802 291 885 τὴν
312 799 391 866 οὗτοι
414 796 591 884 σωτηριῶδη
607 809 672 875 τοῖς
687 796 862 885 πράγμασιν
880 803 1013 866 ίπίνοαιν
1029 803 1161 867 συνεῖδεν
1176 800 1193 865 ό
1210 801 1328 868 πλατό-

231 900 591 989 praecelerantque?
614 904 726 980 οδκείας
743 902 918 987 μηνόσεοις,
941 903 1104 980 ἀναπείσας
1117 903 1170 969 τόν
1187 902 1327 991 ὁμόγνιον

207 1010 284 1073 dxci
299 1003 459 1089 όμόιμυχον
474 1011 528 1087 τῆς
544 1004 641 1071 αότοῦ
652 1007 816 1093 βδελυρίας
829 1005 966 1093 ὕπαρχον
970 1053 981 1085 ,
1013 1007 1154 1094 περατὴν
1169 1004 1244 1073 εἶναι
1259 1011 1328 1074 δια-

230 1110 322 1195 γνοὺς
335 1109 390 1191 τὴν
403 1114 464 1173 τῶν
479 1110 634 1193 δημοσίων
644 1110 747 1175 ’ίππαιν
761 1106 944 1196 ὑπηρεσίαν,
973 1107 1010 1175 oi
1026 1117 1162 1197 συνορῶν
1177 1109 1194 1175 ό
1208 1110 1328 1194 Νιόβης

230 1212 326 1297 αὐτῆς
347 1211 566 1298 λιθωδίστερος
586 1209 622 1277 τό
644 1218 700 1277 ταῶ
721 1210 901 1300 πράγματος
920 1210 1090 1300 χρήσιμον·
1116 1209 1180 1279 ὅδὲ
1191 1212 1328 1299 ὕπαρχος

230 1310 396 1399 ἀηνοοόσης
411 1320 466 1398 τῆς
481 1315 639 1396 βασιλείας
661 1316 747 1398 (πῶς
767 1315 828 1404 χάρ
846 1318 980 1381 ίνεδίδου
999 1325 1064 1394 τοῖς
1081 1325 1192 1393 κοινοῖς
1212 1316 1327 1399 ἀτυχή-

227 1442 306 1499 μασι
314 1418 348 1501 ,·)
365 1420 415 1483 κοιλ
430 1416 544 1501 ταύτην
557 1416 612 1501 τὴν
633 1415 707 1501 όψιν
722 1409 777 1502 τῆς
795 1421 946 1497 πολιτείας
959 1415 1117 1507 ἠφάνισεν.
1167 1418 1254 1484 ίνδεν
1267 1425 1327 1484 τῶν

173 1576 174 1579 ¹
189 1533 224 1587 10
230 1522 318 1586 είδῶν
340 1518 485 1609 ἀπρόταιν
509 1521 719 1606 ίνσηπομίνεον
738 1531 807 1599 ταῖς
824 1521 980 1606 κτήσεσιν,
1004 1523 1132 1610 ίξαλρου
1149 1521 1258 1606 σχεδόν
1273 1528 1328 1606 τῆς

223 1623 365 1708 Ἀσιανῆς
382 1620 602 1709 τυγχανούσης,
628 1622 644 1689 d
661 1626 857 1709 συντελίστης
868 1622 1015 1704 ἀπώλετο,
1037 1628 1165 1712 χρυσίον
1177 1624 1255 1712 πρός
1267 1630 1329 1689 τῶν

228 1725 499 1812 δασμολοηοίντων
518 1726 660 1794 clarissim
675 1730 764 1793 είδῶν
781 1726 1034 1814 εἰσπραττόμενος
1041 1777 1052 1808 ,
1075 1730 1155 1813 μηδὲ
1168 1732 1329 1794 διαπωλεῖν

227 1830 266 1895 τὰ
281 1830 345 1913 sl‘d'q
365 1827 531 1912 δυνάμενος
543 1828 827 1919 πόρρωθαλάσσης
847 1832 1070 1923 ἀπηικισμίνος,
1093 1833 1173 1916 μηδὲ
1189 1835 1328 1896 δαπανῶν

228 1928 271 2009 ῶς
290 1930 385 1996 πάλαι
405 1940 448 2019 τῷ
470 1934 607 2019 δημοσίῳ
624 1932 883 2019 συχχοιροόμενος.
933 1932 1052 2013 τοότοις
1065 1934 1257 2019 laetataque
1276 1937 1329 1999 καὶ

187 2032 249 2119 loq
266 2040 326 2100 τῶν
340 2034 541 2118 ίνιδρυμίνιον
562 2043 627 2113 τοῖς
648 2034 753 2113 τόποις
771 2035 1011 2120 στρατευμάτοιν
1019 2037 1185 2121 μετάθεσις
1202 2037 1279 2123 πρὸς
1292 2036 1327 2100 τό

224 2140 370 2223 χρειῶδες
383 2134 442 2201 dud
457 2142 519 2202 τῶν
533 2143 641 2203 κοινῶν
652 2140 811 2223 ηενομίνη,
843 2135 885 2216 ῶς
905 2138 964 2203 κάκ
978 2136 1087 2205 τοότου
1105 2146 1159 2205 τοῦ
1174 2136 1329 2226 συγκυρή-

227 2263 326 2320 ματος
338 2243 399 2302 τῶν
411 2246 536 2323 καρπῶν
548 2239 792 2321 ἓναπομενόνταιν
802 2248 840 2326 τῇ
848 2238 948 2332 χῶρηι,
963 2242 1037 2324 [καὶ]
1052 2240 1124 2319 τοδς
1137 2243 1194 2324 μὲν
1211 2239 1328 2330 φόρους

228 2342 272 2417 είς
288 2340 417 2427 χρυσίον
437 2345 688 2423 μεταβληθῆναι,
713 2343 785 2417 τοὺς
805 2346 839 2406 δὲ
862 2344 998 2425 καρποός
1021 2345 1230 2429 ἀποηεοῶσθαι
1251 2344 1326 2410 κατ’

227 2440 314 2520 ἴτοςι
339 2445 391 2507 καὶ
407 2441 472 2509 eills
486 2440 581 2525 μόνος
596 2442 688 2520 οιάτός
703 2446 753 2508 καὶ
769 2439 866 2527 μόνην
880 2445 993 2527 ε’κείνην
1008 2444 1064 2527 τὴν
1078 2447 1226 2530 ἐπαρχίαν
1242 2446 1328 2527 ἔτυχε
1404 2452 1407 2457 ’

185 2542 422 2633 Ξθδιατριόγων,
454 2548 506 2611 καλ
524 2544 569 2630 μὴ
588 2545 667 2611 καθ’
684 2542 815 2630 ἓκόστην
830 2544 919 2611 πόλιν
931 2572 963 2612 τε
976 2549 1027 2613 καί
1036 2544 1144 2635 χῶραν
1159 2542 1223 2625 οἷος
1236 2547 1329 2625 οὗτός

228 2650 315 2716 ἀλλοι
321 2698 332 2729 ,
358 2651 409 2713 καὶ
418 2651 541 2736 χείρους
556 2648 668 2728 αὐτοῦ,
694 2649 748 2715 τόν
762 2647 852 2740 ὁποίᾳ
864 2651 884 2714 δ
889 2649 898 2674 ¹
915 2648 954 2715 ἀν
968 2651 1235 2737 κατορωρυγμένον
1252 2650 1328 2733 ἀβο·

226 2752 281 2817 λδν
292 2752 669 2839 ἀνασπῶιτεςπαρῆλθον,
685 2752 816 2839 στρατόν
830 2750 1009 2840 ἀλαστόρων
1022 2755 1073 2820 καὶ
1088 2755 1183 2842 στίφη
1191 2754 1328 2820 Καππα-

228 2858 327 2921 δοκῶν
336 2855 569 2943 ίπισυρόμενοιί

297 2995 648 3068 11εςοπεοιοὶχοντας.1.ῑ’.
734 2995 803 3055 lad
819 3001 899 3073 vulgo
915 3016 968 3055 om.
1057 3000 1091 3054 10
1106 2994 1137 3066 ίξ
1152 2994 1274 3065 ἀλεόοου
1290 3000 1327 3054 Ι·’.

294 3068 566 3192 11ῑ3μιποιιὲίμενιιΙ·’,
582 3064 828 3137 ἀποκιτμίνονο.
932 3071 968 3127 16
983 3085 1018 3124 an
1031 3062 1126 3138 rislo?
1205 3065 1327 3126 βῐάνοι-

317 3154 402 3201 ιιντες
444 3173 452 3191 .

227 3254 294 3309 rime
310 3256 420 3323 afferre,
438 3257 595 3327 quandoque
610 3257 696 3329 ipsum
714 3276 840 3313 oceanum
856 3259 936 3313 armis
951 3259 1105 3314 lustrantes.
1139 3254 1221 3312 celeri
1235 3255 1328 3338 itaqua

228 3342 307 3379 cursu
321 3326 448 3379 nuntiatio
465 3336 526 3380 ante
543 3330 637 3381 lamam
654 3330 745 3383 fiebat.
779 3339 808 3381 et
825 3330 875 3382 lucc
891 3337 944 3381 tam
961 3329 1076 3383 σείσατο
1091 3325 1268 3396 reipublicae
1283 3342 1326 3376 un-

227 3396 346 3448 stitutnm
365 3393 417 3445 lata
433 3395 477 3448 illa
492 3396 597 3449 maxilla
613 3398 702 3450 delere
719 3415 767 3451 sua
783 3397 949 3451 nuntiatione
965 3397 1111 3464 constituit,
1129 3406 1158 3447 et
1170 3392 1329 3461 consangni-

227 3482 304 3517 neum
327 3461 464 3532 ipsiusque
488 3468 643 3519 concordem
664 3466 799 3535 nequitiae
815 3468 978 3549 preelectum
993 3464 1140 3538 persuasit,
1166 3480 1327 3531 supervaca-

229 3550 304 3585 neum
318 3531 437 3584 iudicans
454 3534 614 3601 publicorum
627 3553 752 3605 equorum
765 3536 946 3605 mimaterium‚
965 3553 1050 3604 neque
1063 3531 1221 3600 intelligens,
1237 3532 1328 3585 Niobe

228 3600 288 3670 ipsa
303 3600 459 3670 lapidosior,
485 3603 524 3653 rei
544 3605 694 3659 utilitatem.
728 3607 880 3674 praelectus
897 3623 962 3659 vero
979 3602 1062 3656 inscio
1081 3601 1241 3671 imperatore
1261 3600 1328 3671 (qui

228 3670 297 3721 enim
314 3670 426 3739 publicis
445 3669 634 3727 calamitatibus
654 3673 850 3742 indulsissetl)
868 3685 897 3729 et
913 3676 964 3727 hoc
981 3673 1022 3724 rei
1041 3671 1162 3740 publicae
1177 3670 1328 3724 institutum

228 3738 365 3792 exstinxit.
386 3740 519 3792 indacum
535 3745 637 3810 species
655 3761 707 3797 non
723 3745 849 3797 venditae
863 3745 892 3795 in
905 3740 1117 3811 possessionibus
1133 3745 1328 3811 putrescerent,

228 3807 327 3861 Asiana
362 3808 481 3861 rovincia
497 3809 555 3862 lere
567 3812 595 3864 in
611 3814 768 3867 lrumentum
781 3829 920 3879 conversa,
937 3810 1046 3864 collator
1056 3811 1145 3880 periit,
1164 3826 1254 3863 aurum
1265 3825 1328 3877 spe-

229 3877 327 3930 cierum
343 3825 400 3931 loco
418 3880 451 3931 ab
469 3881 634 3935 exactoribus
652 3882 812 3953 postulatus,
835 3898 893 3933 cnm
908 3897 995 3950 neque
1011 3881 1127 3934 vendere
1143 3879 1248 3947 species
1284 3894 1330 3929 os-

220 3955 281 4013 set,
300 3946 392 4028 procul
408 3965 424 4000 a
440 3948 506 4001 mari
523 3948 657 4018 babitans,
674 3970 760 4021 nequa
776 3952 841 4003 fisco
858 3967 903 4002 eas
919 3950 1088 4020 impendere,
1103 3957 1133 4001 ut
1150 3955 1243 4011 antea,
1260 3896 1327 3999 lca-

229 4023 281 4069 ret.
326 4015 367 4067 bas
383 4033 518 4071 accessere
539 4021 673 4074 constituti
690 4022 719 4074 in
735 4019 887 4089 regionibus
904 4022 1053 4088 exercitus,
1078 4026 1170 4071 contra
1187 4016 1328 4071 utilitatem

230 4104 247 4138 a
262 4084 435 4138 concordibus
450 4087 503 4141 illis
517 4087 651 4152 naruslati3
672 4091 771 4160 quippe
788 4096 817 4141 et
833 4088 882 4141 bac
897 4090 1040 4143 mutatione
1060 4090 1151 4157 lrnges
1169 4086 1197 4139 in
1216 4085 1328 4153 regiona

230 4157 379 4221 narrabant,
395 4156 507 4225 dumque
521 4157 621 4211 tributa
636 4159 664 4210 in
682 4177 789 4226 aurum,
807 4158 882 4227 ipsae
897 4158 926 4211 in
942 4169 1039 4212 terram
1057 4156 1195 4227 quotannis
1212 4170 1326 4210 eonver-

228 4226 362 4291 tebantur.
405 4232 485 4294 atque
500 4228 599 4281 utinam
615 4227 685 4280 solus
701 4230 760 4297 ipse
777 4226 910 4297 solamque
926 4228 996 4281 illam
1013 4226 1174 4296 provinciam
1188 4225 1328 4279 exhausis-

229 4302 286 4361 set,
306 4311 392 4364 neque
406 4293 433 4345 in
451 4311 606 4367 unaquaque
622 4296 731 4351 civitate
748 4298 955 4367 provinciaque,
979 4297 1063 4367 qualis
1079 4296 1152 4365 ipse,
1178 4295 1242 4361 alii,
1265 4293 1326 4376 ipso

229 4361 307 4415 etiam
323 4363 441 4433 peiores,
468 4366 616 4437 ubicunque
633 4367 733 4419 domum
755 4367 889 4421 delossum
910 4366 1015 4423 obolum
1027 4367 1193 4420 retrahentes
1208 4363 1324 4436 prodis-

229 4440 297 4500 seut,
315 4433 434 4488 exercitu
450 4435 609 4492 nefariorum
625 4445 652 4492 et
669 4435 817 4507 agninum
834 4438 1020 4510 Cappadocum
1032 4436 1139 4510 stipati!
