3125 4959
437 434 496 502 DE
519 431 855 501 mulsimus
879 432 914 498 P.
936 430 976 496 Il.
1002 428 1079 496 ΗΒ.
1103 428 1161 498 ill.
1269 430 1342 503 271

245 605 378 695 χρηστό.
427 604 468 686 ὡς
488 608 547 693 γὰρ
566 604 637 690 δ’στη
652 612 707 689 τῆς
725 602 842 689 ἀπήνης
855 600 1030 690 ἴμπροσθεν
1046 598 1063 667 ό
1077 600 1229 688 ῦπαρχος,
1253 602 1344 687 βίλος
1390 617 1391 620 ’

247 710 375 789 ἀναθείς
396 707 474 800 τόξεμ
498 707 629 794 πονηρός
651 734 698 785 τις
721 704 786 793 (l'rr
800 704 859 793 γὰρ
876 704 892 772 ὃ
908 708 1004 790 δῆμος
1021 703 1199 789 όττχὴσεσιν
1213 708 1342 794 ίχρῦμο)

247 811 423 896 στοχάζεται
448 815 505 897 μὲν
526 812 620 877 αὐτοῦ
625 858 637 891 ,
670 817 728 877 τοῦ
751 812 785 875 δέ
806 812 917 893 βελοος
939 806 1150 892 ελμπλονόετος
1172 809 1266 885 aelric
1285 810 1342 892 με’ν·

248 916 388 1001 ἀβλαβὴς
410 914 453 993 ὡς
473 912 603 992 θεόπαις
621 920 676 998 τῆς
694 913 839 1001 προνοίας
859 905 991 1001 φανερὸς
1007 910 1183 995 ἀπεδείχθη.
1231 910 1341 977 τοῦτον

220 1020 283 1084 stt
303 1018 478 1102 συμβάντος
498 1015 515 1083 ὁ
535 1018 591 1101 μὲν
612 1019 710 1101 δῆμος
732 1021 794 1082 τῶν
816 1014 917 1081 ὅπλων
933 1016 984 1080 καλ
1000 1009 1148 1100 θορόβαιν
1162 1009 1341 1100 παρεχώρει,

247 1118 301 1185 τόν
323 1146 356 1186 τε
376 1119 537 1208 κράτιστον
558 1120 698 1205 impetn
718 1118 848 1201 βασιλεία
872 1118 904 1183 ἓν
924 1118 1086 1200 εῦθομίαις
1106 1112 1277 1201 ἦδοπαθιῦν
1289 1117 1342 1180 καλ

247 1219 431 1309 σκιρτήμασι
447 1225 467 1289 δ
469 1223 569 1290 ιετίλει
575 1270 586 1304 ,
612 1220 739 1309 ἀθρόαις
749 1222 783 1288 λιι
793 1222 942 1306 μεγισταιν
956 1218 1102 1307 θορόβεον
1114 1222 1166 1284 καὶ
1181 1214 1288 1308 φόβων
1299 1220 1343 1295 είς

246 1324 360 1403 αῦλοῦς
372 1328 422 1391 καὶ
433 1328 557 1413 χορείας
566 1321 749 1408 μεταβαλών
754 1372 766 1404 ,
791 1331 877 1390 πᾶσα
892 1324 927 1389 δὲ
943 1321 1081 1411 όφθονία
1095 1328 1156 1387 τεῦν
1169 1321 1343 1406 λπιτηδείιον

246 1426 437 1513 νατελήλαθε
458 1430 513 1513 τὴν
533 1428 622 1496 πόλιν
627 1475 652 1508 ,.
664 1427 762 1505 όδεῶς
781 1428 832 1493 καλ
851 1424 922 1511 μετ’
944 1422 1132 1513 εὐφροσύνης
1147 1420 1269 1490 πόντων
1282 1429 1343 1489 τιῦν

205 1542 240 1597 lb
247 1526 435 1615 ὁπουδήποτε
447 1532 659 1619 κρυπτομένων
673 1532 725 1596 καὶ
739 1526 949 1619 διαφαγόντων
958 1528 1031 1605 τοδς
1041 1527 1199 1605 κινδόνοος
1212 1521 1345 1614 εδσρεόν-

245 1658 307 1700 των
327 1632 366 1721 τῇ
386 1631 471 1699 πόλει
492 1636 543 1699 καλ
565 1634 710 1699 παντοίαν
729 1628 970 1721 σομφοροόνταιν
991 1630 1162 1717 εῦετηρίαν·
1193 1628 1260 1717 ᾔδει
1282 1629 1342 1725 γὰρ

245 1733 328 1813 ἅπας
343 1762 441 1815 ...τις
453 1727 508 1803 οῦν
519 1736 642 1822 όβλαβῆ
656 1739 706 1802 καὶ
720 1740 861 1819 λυσιτελῆ
877 1734 913 1801 td
927 1732 1033 1800 λοιπόν
1050 1732 1176 1799 lumbar
1189 1740 1253 1809 τοῦς
1263 1728 1344 1815 ῦπη-

246 1836 329 1915 νόοις
351 1839 407 1925 τὴν
430 1840 492 1906 τοῦ
507 1843 577 1923 βίον
598 1840 754 1924 μέθοδον,
778 1845 840 1906 τῶν
860 1862 894 1923 γε
914 1837 1043 1924 ἀγαθῶν
1055 1838 1088 1902 ἓν
1106 1834 1183 1922 αῦτῇ
1198 1839 1344 1919 πλημμυ-

246 1939 391 2028 ροῦντεαν.
442 1942 519 2026 ἔχειν
541 1939 558 2007 ό
580 1943 726 2025 βασιλεῦς
745 1940 824 2025 μετὰ
846 1941 899 2007 τδν
922 1939 1015 2007 αῦτδν
1032 1934 1171 2025 ῦπαρχον
1186 1929 1343 2025 ίνόρχεται

205 2042 417 2129 ἱόπροθόμως
439 2044 564 2120 ἀνιστᾶν
586 2046 621 2110 sd
643 2051 700 2112 τοῦ
719 2041 860 2129 μεχόλοο
877 2048 956 2108 θεοῦ
976 2043 1113 2125 τίμενος·
1137 2042 1188 2107 καὶ
1206 2039 1345 2122 ποταμὸς

245 2142 323 2231 ἔρρει
334 2143 503 2234 χρημάτων
517 2157 584 2225 ταῖς
593 2148 744 2231 βασιλέως
757 2146 860 2231 ιε”χαῖς
870 2147 921 2209 καλ
936 2152 974 2231 τῇ
987 2141 1162 2230 δικαιοσότῃ
1175 2149 1232 2210 τοῦ
1242 2138 1344 2227 ῦπόρ-

242 2271 303 2329 χοο
321 2247 474 2330 χεόμενος.
523 2252 675 2337 τίσσαρας
698 2241 753 2315 σῦν
770 2246 915 2332 χιλιόδας
937 2248 1046 2314 αῦτίκα
1055 2249 1184 2336 χρυσίου
1197 2241 1344 2334 λιτροῦνῦ

243 2346 382 2434 ῦπαρχος
394 2359 457 2426 τοῖς
470 2348 569 2437 ἔργοις
580 2354 677 2435 ἐτείχεε
690 2358 746 2418 τοῦ
759 2353 859 2439 ἱεροῦ,
883 2350 1012 2436 μηδενός
1026 2350 1240 2431 ἀδικουμένου,
1265 2335 1344 2429 μηδέ

246 2457 302 2534 τῆς
328 2450 479 2535 ταχοόσης
503 2451 668 2538 εῦετηρίας·
681 2455 723 2529 είς
744 2452 842 2535 όσεβῆ
856 2456 976 2536 ποίησιν
990 2454 1216 2535 ίπινιιηθείσής·
1241 2448 1344 2534 ίχαιρε

202 2554 306 2640 ιογδρ
331 2554 497 2638 ἠξιωμένος
504 2602 514 2633 ,
541 2556 583 2632 είς
601 2560 681 2621 θεοῦ
701 2552 791 2637 τιμὴν
812 2556 864 2619 καὶ
882 2553 1018 2637 σπουδὴν
1034 2553 1186 2634 εὐσεβείας
1197 2575 1344 2638 παρατει-

245 2652 379 2737 νόμενος.
430 2659 480 2722 καὶ
502 2654 674 2741 θαυμάζειν
697 2656 752 2723 οῦκ
773 2655 902 2735 ἔνεστιν,
928 2657 956 2722 εί
976 2662 1054 2722 θεοῦ
1078 2650 1228 2741 παρόντος
1242 2650 1343 2719 πάντα

245 2768 383 2845 παρεῖναι
405 2762 564 2841 συμβαίνει
583 2771 647 2837 τοῖς
661 2759 743 2849 αῦτῷ
756 2757 907 2843 μῦλλονῆ
921 2760 1085 2848 περενοίαις
1101 2753 1275 2844 ἀνθρώπων
1287 2756 1343 2838 τόν

313 2919 332 2973 2
348 2912 468 2987 όναφελς
480 2916 569 2988 vulgo.
692 2914 853 2986 δτνχὲοεσιν
865 2920 899 2973 C.
1017 2918 1037 2971 8
1052 2912 1236 2983 ἐμπλακέντος
1252 2915 1342 2984 vulgo.

310 2991 330 3042 4
341 2984 380 3049 uic
391 2985 523 3055 θεόπαις]
534 2986 686 3043 coniectura
697 3006 730 3041 ex
740 2986 860 3057 reliquiis
872 2986 1016 3039 literarum.
1034 2986 1068 3038 ll.
1154 2979 1297 3052 ἀπεδέχθη
1308 2989 1343 3038 C.

315 3060 347 3111 11
376 3050 432 3125 ἤδη
459 3057 493 3111 C.
626 3059 660 3113 12
687 3065 749 3127 post
773 3050 851 3117 ἅπας
877 3055 978 3125 aliquot
1002 3054 1097 3109 literae
1123 3054 1277 3107 exstinctae.
1306 3056 1342 3107 F.

314 3127 348 3180 ll
363 3124 423 3195 lego
439 3122 468 3191 ίξ
485 3115 534 3180 οἷν.
551 3125 587 3181 F.
691 3126 725 3180 18
740 3120 836 3193 ἔπεχεν
851 3126 889 3194 0,
907 3124 1052 3193 laee'azelt'.
1153 3125 1190 3178 22
1204 3117 1294 3177 αῦτδν
1307 3126 1342 3177 c.

243 3260 399 3331 procedere.
434 3263 494 3316 dum
507 3262 575 3315 enirn
593 3262 621 3315 in
637 3263 747 3345 primori
761 3280 841 3316 curru
855 3263 1006 3332 praefectae
1024 3264 1124 3330 stabat,
1141 3278 1230 3315 ercam
1244 3260 1342 3330 impro-

243 3332 293 3383 bus
310 3328 405 3398 aliquis
424 3330 540 3396 (etenim
559 3332 748 3384 &unitatibus
764 3332 850 3385 adbuc
867 3331 963 3402 populo
983 3349 1049 3401 epus
1067 3334 1143 3398 eret)
1160 3331 1188 3382 in
1204 3347 1262 3382 eum
1275 3330 1340 3383 diri-

244 3399 299 3468 pit:
332 3407 360 3451 ut
384 3397 485 3450 erravit
508 3398 604 3465 telum,
635 3399 746 3469 ipseque
767 3399 902 3453 incolumis
923 3400 1005 3453 veluti
1027 3399 1134 3453 diuinae
1159 3398 1343 3467 prouidentiae

243 3468 313 3522 lilius
330 3466 470 3520 manifeste
486 3468 617 3535 apparuit.
652 3485 704 3537 quo
722 3470 793 3523 laeto
809 3469 920 3538 pupulus
937 3471 971 3521 ab
985 3468 1063 3521 armis
1080 3466 1218 3536 turbisque
1232 3467 1343 3535 destitit,

243 3537 421 3607 optimumque
444 3534 579 3588 celebrans
602 3536 786 3606 imperatorem
809 3538 1027 3591 oblectationibus
1047 3535 1209 3604 saltibusque
1225 3535 1343 3605 indulsit,

243 3606 362 3658 maximis
380 3623 395 3657 e
412 3603 497 3657 turbis
514 3621 545 3657 ec
562 3606 708 3661 terroribus
724 3607 757 3661 ad
776 3607 856 3660 tibias
873 3607 960 3659 subite
978 3613 1007 3659 et
1021 3604 1175 3658 saltationes
1183 3614 1341 3675 ,transgres-

243 3692 298 3727 sus.
334 3691 433 3727 summa
450 3690 513 3727 vero
527 3676 732 3730 necessariarum
747 3694 834 3730 rerum
851 3675 1010 3728 abundantia
1021 3674 1050 3726 in
1067 3676 1157 3728 urbem
1171 3674 1266 3741 rediit,
1283 3692 1342 3728 eum

243 3742 331 3796 securi
348 3743 463 3811 laetique
481 3750 587 3810 οιααοε,Ι
611 3761 765 3815 quocunque
779 3746 893 3799 latentes
909 3743 967 3796 lacu
983 3743 1101 3814 pericula
1115 3744 1288 3811 effugissent,'
1313 3744 1342 3795 in

243 3814 333 3865 urbem
351 3812 493 3865 influerent
507 3820 586 3879 atque
602 3814 685 3867 omnis
707 3815 813 3885 generis
831 3812 932 3881 copiam
953 3815 1120 3867 conferrent:
1144 3822 1256 3867 noverat
1272 3812 1341 3865 eninr

243 3882 354 3952 quisque
373 3880 525 3933 incolumem
540 3880 716 3963 inposterum
732 3893 760 3937 et
774 3884 914 3936 salutarem
926 3881 1027 3937 civibus
1044 3884 1102 3936 lere
1119 3882 1192 3935 vitee
1207 3882 1341 3936 condicio-

243 3968 318 4019 nem,
344 3950 421 4002 bonis
443 3951 562 4003 nimirum
587 3968 614 4002 m
638 3969 670 4004 ea
693 3952 911 4006 redundantibus.
945 3961 1008 4020 post
1028 3970 1095 4021 quae
1119 3952 1262 4022 imperatur
1284 3968 1342 4003 cum

243 4020 335 4071 eodem
352 4021 488 4088 praelecto
506 4018 593 4088 magni
612 4020 656 4072 dei
676 4022 799 4092 templum
818 4018 942 4073 alacriter
955 4031 1090 4075 exstruere
1103 4021 1209 4090 coepit3
1227 4022 1339 4074 fluebat·

243 4104 295 4157 que
315 4090 412 4141 llumen
434 4090 577 4161 pecuniae,
609 4089 679 4144 votis
701 4089 866 4173 imperatoris
888 4098 916 4142 et
939 4092 1067 4161 praelecti
1089 4090 1194 4144 iustitia
1219 4092 1340 4143 effusum.
1450 4105 1452 4111 ·

243 4163 368 4225 quattuor
385 4156 467 4225 igitur
482 4158 540 4210 auri
562 4156 686 4211 librarum
706 4160 777 4213 nulia
796 4158 884 4211 stetim
906 4162 1056 4228 praelectus
1077 4160 1201 4229 operibus
1217 4160 1273 4212 farri
1289 4158 1351 4209 inu-¹

243 4226 352 4294 prouidit,
373 4226 476 4279 nemine
493 4225 613 4280 iniuriam
626 4228 760 4296 patiente,
777 4245 862 4296 neque
875 4228 901 4280 in
917 4227 1008 4281 melum
1022 4246 1095 4281 usum
1109 4229 1241 4297 prraeseuli
1255 4230 1338 4280 ubim-

243 4294 333 4347 dnutia
356 4294 491 4364 quaesita:
518 4295 614 4350 etenim
635 4299 705 4351 bona
727 4300 796 4350 lrrrna
819 4300 967 4365 gaudebat,
994 4300 1086 4351 honori
1110 4300 1152 4352 dei
1176 4308 1205 4352 et
1229 4298 1336 4368 pietatis

242 4364 329 4416 strrdio
342 4364 469 4418 intentus.
504 4382 589 4436 neque
605 4374 646 4418 est
658 4366 815 4434 mirandum,
833 4366 871 4434 si,
889 4386 946 4419 cum
959 4370 1025 4420 ‹leus
1038 4371 1128 4435 adest,
1145 4368 1230 4421 omnia
1242 4368 1336 4419 adesse

242 4432 371 4502 currtinqit
392 4435 425 4487 ad
450 4452 508 4489 eum
534 4433 621 4505 potius
639 4452 715 4504 quam
733 4438 767 4489 sd
785 4436 913 4491 boruirurm
931 4437 1040 4493 consilia
1055 4440 1180 4493 bonerum
1201 4438 1335 4493 abuudan-
