3125 4959
604 428 946 502 contaminamus,
1235 450 1324 501 11111

236 640 396 699 obscurum
413 656 476 699 non
495 656 561 697 esse
579 654 620 695 ex
633 643 788 697 auderunt
802 632 999 709 testimoniis,
1022 653 1061 694 ex
1076 635 1194 711 11111ιί1,
1220 653 1262 695 ex
1273 633 1325 694 in·

235 741 462 821 scriptionibus,
503 759 521 797 e
544 739 727 797 membranis
753 738 932 816 pervetustis
949 737 1226 797 innumerabilibus.
1267 756 1326 817 ego

237 851 315 913 certe
329 843 449 901 nullum
460 838 524 900 vidi
538 830 686 898 Graacrnn
699 835 848 913 codicem,
877 857 947 897 cum
962 839 1073 898 multos
1092 841 1243 899 tractarim
1255 858 1331 898 eos-

236 962 296 1025 que
312 945 485 1004 veterrimos
500 942 687 1001 sacerdotum
703 942 724 1003 6
740 949 770 998 et
782 943 814 1014 7,
836 942 910 1019 quin
922 940 965 998 ibi
979 938 1162 999 offenderem
1177 939 1325 1021 quosdam

237 1045 399 1106 itacismoa.
441 1054 486 1103 tot
505 1053 606 1102 autern
625 1051 699 1122 quot
719 1041 753 1097 in
776 1037 879 1100 codice
901 1042 1074 1117 Coseolino,
1106 1043 1140 1101 in
1157 1044 1242 1101 nullo
1259 1063 1328 1102 me-

237 1147 329 1221 mini,
357 1144 448 1205 huius
461 1156 541 1205 certe
557 1147 673 1204 aetatis.
714 1160 787 1200 nam
801 1140 1023 1202 confunduntur
1036 1164 1098 1203 non
1113 1143 1205 1205 modo
1221 1168 1233 1209 1
1246 1154 1277 1204 et
1290 1167 1327 1222 11,

238 1256 340 1326 eetq,
369 1256 491 1326 qetre,
518 1248 721 1329 itempeto,
743 1253 1003 1320 satanacam,
1023 1256 1148 1322 oetoe,
1169 1253 1336 1329 quaesunt

237 1346 348 1407 menda
361 1350 515 1428 vulgaria:
535 1346 593 1408 sed
603 1345 755 1407 interdurn
767 1346 868 1421 etiam,
885 1344 967 1428 qnod
980 1348 1074 1407 rarius
1089 1346 1154 1406 vidi
1167 1351 1200 1408 iu
1217 1347 1331 1408 codici-

237 1449 296 1511 bus
311 1459 380 1509 ente
392 1451 749 1533 temporacemueniane,
765 1470 787 1511 o
801 1456 892 1527 atque
903 1470 933 1511 ca
946 1467 1016 1507 cum
1029 1471 1041 1512 1
1057 1459 1186 1531 statque
1200 1468 1239 1530 q:
1256 1451 1329 1527 imo,
1395 1439 1397 1442 ¹

241 1549 321 1633 quod
332 1553 516 1615 rarissimum
528 1564 574 1615 est
586 1555 620 1613 iu
636 1549 790 1613 codicibus
803 1550 962 1610 cuiuslibet
975 1552 1094 1629 aetatis,
1116 1570 1136 1616 u
1150 1561 1181 1611 et
1194 1558 1235 1629 θ,
1247 1553 1331 1613 item

240 1676 278 1719 oc
290 1664 321 1715 et
332 1678 367 1717 n.

1345 1730 1374 1783 p.
1387 1726 1481 1767 nxxnr

322 1759 460 1818 Alterum
478 1776 573 1839 genus
598 1778 733 1820 errorum
755 1778 818 1820 uon
837 1768 901 1819 tam
922 1767 967 1817 est
989 1776 1030 1816 ex
1049 1758 1290 1837 pronuntiatione
1302 1767 1333 1817 et
1352 1782 1397 1849 34

241 1858 433 1940 incogitantia
450 1880 542 1942 quam
556 1880 597 1929 ex
607 1862 726 1922 inscitia
741 1863 855 1922 scribae
866 1870 989 1933 natum3
1016 1877 1094 1939 quae
1113 1870 1224 1942 quanta
1242 1860 1333 1920 fuerit

241 1960 312 2021 inde
333 1972 432 2042 potest
450 1964 607 2041 cognosci,
635 1961 719 2044 quod
738 1964 885 2043 genitivos
905 1962 1049 2042 plurimos
1069 1981 1138 2021 cum
1158 1966 1333 2024 accusativis

243 2061 387 2139 meludit,
398 2066 581 2125 accusativos
590 2067 869 2141 cumncminativis,
880 2063 1020 2145 quodque
1034 2067 1156 2123 omnino
1166 2066 1199 2122 in
1214 2066 1335 2126 clansa-

242 2166 280 2224 lis
291 2159 465 2248 casibusque
473 2186 582 2227 vocum
590 2186 710 2248 prorsus
720 2155 807 2227 iacet.
828 2170 992 2227 necminus
1004 2167 1036 2225 in
1050 2164 1334 2247 reduplicationibus

243 2270 452 2349 perfectorrnn,
463 2272 497 2327 in
509 2268 680 2327 nominibus
693 2270 831 2347 propriis,
843 2272 877 2329 in
888 2270 1042 2331 vocabulis
1050 2270 1184 2351 reliquis,
1197 2270 1230 2328 in
1238 2271 1335 2349 apici-

242 2370 310 2447 bus,
321 2372 355 2429 in
367 2372 538 2450 spiritibus3
555 2364 638 2449 quod
646 2386 736 2425 voces
743 2369 845 2427 omisit
853 2370 1008 2452 lineasque
1016 2375 1147 2450 integras
1156 2370 1230 2443 (vid.
1237 2372 1335 2432 varias

242 2473 386 2533 lectiones
398 2474 497 2532 textui
514 2468 586 2529 edit.
598 2466 772 2548 subiectas),
797 2477 832 2531 ut
849 2474 1039 2551 perspicuum
1050 2475 1089 2531 sit
1101 2492 1200 2553 neque
1219 2473 1337 2551 regulas
1416 2467 1418 2470 ’

244 2577 455 2656 grammaticae
465 2574 557 2654 probe
569 2578 700 2636 tenuisse
713 2594 794 2651 eum,
815 2591 914 2655 neque
929 2571 1002 2653 qnid
1013 2584 1148 2632 exararet
1161 2592 1280 2652 semper
1286 2573 1337 2631 in·

243 2678 408 2736 tellexisse.
447 2676 570 2736 ¹tametsi
579 2676 723 2754 codicem,
737 2675 916 2735 undcsuum
925 2675 1055 2751 duxerit,
1069 2694 1196 2755 magnae
1205 2684 1339 2735 vetusta-

245 2780 284 2838 ns
298 2779 432 2856 suspicor
445 2778 557 2852 fuisse,
586 2781 699 2838 saeculi
719 2780 880 2842 fortasmi
896 2779 1051 2858 literisque
1069 2776 1139 2835 ideo
1153 2778 1338 2836 maiusculis.
1423 2851 1429 2862 ἢ

246 2898 317 2938 narn
338 2881 437 2960 primo
457 2901 476 2941 ν
497 2874 707 2956 &cainonensis
726 2880 832 2937 multis
851 2879 974 2937 vocibus
995 2877 1154 2937 adhibetur
1175 2880 1265 2936 etiam
1288 2899 1339 2938 se-

247 2984 352 3064 quenti
360 2990 551 3042 consonante.
572 2998 635 3039 non
645 2999 694 3038 me
703 2981 845 3059 praeterit
854 2981 983 3039 inveniri
995 2978 1029 3039 id
1040 2982 1071 3038 in
1081 2978 1232 3041 codicibus
1241 2984 1340 3043 corula

248 3086 353 3145 eetatIs
373 3086 452 3143 benc
471 3083 586 3143 multis.
629 3079 807 3162 calligraphi
828 3094 930 3141 tamam
949 3084 1062 3142 saeculi
1088 3082 1197 3142 decimi
1220 3086 1254 3141 in
1281 3082 1341 3142 huc

248 3185 372 3269 quidem
391 3207 423 3245 re
444 3188 651 3266 grammatices
670 3183 834 3245 hodiernae
854 3187 939 3266 leges
958 3187 1020 3243 iam
1032 3184 1194 3245 studiosius
1206 3196 1276 3244 sunt
1289 3206 1340 3245 se-

249 3288 328 3347 cuti:
355 3293 457 3349 hoster
475 3291 631 3369 antiquam
650 3309 770 3369 prorsus
786 3291 883 3349 tenuit
897 3285 1048 3347 scribendi
1062 3290 1159 3362 viam,
1188 3306 1248 3368 qna
1262 3287 1341 3347 illud

249 3402 269 3455 ν
287 3391 386 3452 verbis
406 3392 498 3451 etiam
514 3411 576 3451 non
596 3389 750 3452 hiantibus
769 3373 968 3470 interponitur
986 3409 1026 3448 ex
1041 3391 1129 3447 certis
1145 3390 1341 3471 oratoriisqne

247 3492 414 3575 praeceptis
435 3491 475 3552 ad
497 3493 741 3575 amplificandum
761 3491 1033 3575 complendumque
1052 3493 1133 3551 vocis
1149 3504 1266 3550 sonum.
1309 3490 1343 3551 id

249 3598 356 3677 opinor
378 3614 447 3653 eum
466 3616 527 3655 nou
546 3608 659 3657 temere
681 3596 736 3658 sed
757 3596 798 3657 ad
820 3597 996 3675 exemplum
1019 3596 1065 3654 sui
1090 3593 1201 3654 codicis
1222 3595 1340 3655 fecisse.
1355 3618 1384 3672 p.
1401 3615 1490 3654 nxxrv

251 3696 360 3757 deinde
375 3716 464 3758 voces
477 3700 618 3777 Latinas,
646 3700 673 3760 si
688 3719 766 3782 quae
781 3708 953 3773 occurrunt,
976 3697 1069 3755 literis
1081 3698 1255 3757 maiusculis
1268 3701 1344 3758 scri·
1368 3687 1370 3691 ’

250 3802 321 3880 psit.
364 3796 444 3858 unde
463 3802 586 3861 coniicio
603 3805 636 3862 in
654 3804 820 3885 antiquiore
832 3803 886 3861 illo
900 3801 1014 3858 Graeca
1034 3817 1154 3881 quoque
1167 3800 1261 3860 fuisse
1276 3820 1344 3858 ma-

250 3902 383 3961 iusculis.
447 3897 503 3959 sed
525 3921 580 3980 pro
603 3905 724 3965 Graecis
746 3906 920 3964 maiusculis
943 3899 1144 3982 calligraphus
1169 3904 1344 3983 scripturam

250 4002 376 4083 ligatam
387 4004 434 4063 sui
448 4004 561 4063 saeculi
573 4004 742 4067 substituit:
764 4028 819 4087 pro
835 4009 951 4067 Latinis
965 4026 1026 4065 non
1039 4008 1121 4079 item,
1137 4004 1219 4085 quod
1229 4006 1345 4063 nescie-

251 4106 302 4165 bat
315 4108 493 4187 scripturam
506 4106 630 4185 ligatam
644 4111 802 4186 Latinam,
831 4129 924 4190 quare
938 4111 1039 4167 literas
1054 4110 1187 4185 Latinas,
1209 4127 1269 4189 qua
1282 4108 1346 4165 sor-

253 4226 305 4265 ma
318 4218 402 4267 erant
420 4210 452 4267 in
466 4210 590 4289 antiquo
606 4207 722 4287 codice,
754 4210 862 4269 eadem
878 4214 1025 4291 expressit
1041 4214 1073 4270 iu
1086 4232 1152 4273 suo.
1194 4219 1344 4289 postremo

254 4312 350 4368 rnulta
363 4321 433 4370 snut
445 4312 510 4371 eius
523 4308 633 4369 menda
641 4354 649 4387 ,
671 4331 748 4391 quae
761 4314 879 4372 l'aciliau
894 4312 1106 4389 admittuntur,
1129 4316 1155 4373 si
1169 4311 1262 4370 habes
1276 4321 1345 4369 ante
1419 4299 1423 4305 ⁶

253 4412 356 4473 oculm
377 4412 511 4475 codicem
531 4413 715 4474 maiusculee
735 4416 896 4496 scripturae
917 4435 1009 4499 quarn
1030 4417 1190 4495 alligatae.
1232 4414 1286 4475 fol.
1303 4416 1343 4479 31
