3125 4959
587 434 645 503 DE
664 434 874 503 MENSIBUS
890 434 933 503 11.
1258 433 1309 509 25

205 604 389 696 γεννάμενον
404 606 465 677 ‘ote
481 605 552 677 ι’ίνευ
565 605 712 692 κυήσεως
725 604 800 687 ἔστι,
818 605 855 673 τό
867 606 924 690 μέν
934 602 1138 693 ίναγεννῆση,
1161 604 1197 673 rt
1210 606 1245 672 δέ
1256 609 1309 674 ivo

205 718 339 800 γεννηθῇ
346 760 357 793 ,
383 708 426 790 ὥς
446 712 498 777 καὶ
520 710 612 789 αδτδς
636 708 653 776 ὃ
674 709 776 800 ῥήτωρ
797 705 1031 797 όΤαραντίνος.
1056 711 1131 795 φησί
1146 710 1181 775 δέ
1195 706 1307 787 οὕτως·

202 813 297 883 “itm
316 816 376 905 γάρ
397 812 518 901 ἡγεμάιν
536 815 588 881 καὶ
608 812 711 901 ι’ίρχων
731 810 873 879 ἁπάντων
889 808 932 890 τίς
946 811 993 879 cisi
1006 809 1051 878 τόν
1065 810 1152 889 θεός,
1172 809 1311 896 μόνιμος,

206 920 357 1003 ἀκίνητος,
380 919 473 996 αδτδς
487 915 586 1005 ἑαυτῷ
598 915 730 1000 ipsosne?
757 916 788 981 oi
800 916 835 981 δέ
848 916 1062 1000 μαθηματικοί
1075 914 1153 1002 νιρδς
1164 915 1200 979 τὸ
1213 920 1313 998 pedr-

180 1021 342 1111 Βκιότερον
362 1021 501 1111 ῥέποντες
519 1026 562 1109 τῷ
577 1017 689 1109 Κρόνῳ
709 1020 766 1104 τὴν
786 1015 923 1103 ἑβδόμην
941 1014 1059 1106 ἡμέραν
1078 1026 1313 1106 προσφωνοῦσιν

206 1126 298 1193 αίονεί
311 1132 354 1215 τῷ
368 1126 461 1211 πατρὶ
475 1129 536 1204 τῶν
551 1123 697 1213 έμφανῶν
710 1129 813 1190 θεῶν·
838 1121 942 1205 έαειδὴ
957 1122 1018 1208 γάρ
1034 1128 1096 1188 τῶν
1110 1123 1312 1205 πλανωμένων

205 1227 328 1299 πάντων
340 1225 532 1315 δνμηλότερος
544 1222 562 1293 δ
575 1234 630 1293 rot
644 1225 715 1308 παρ’
731 1224 835 1301 αὐτοῖς
840 1222 965 1311 Κρόνου
979 1226 1096 1309 λίγεταε
1111 1222 1220 1313 άστὴρ,
1230 1224 1314 1314 αὐτῷ

206 1336 306 1417 δὴθεν
320 1331 377 1415 τὴν
391 1328 530 1414 ίβδόμην
544 1325 661 1417 ἡμέραν
675 1328 819 1399 tommo
836 1324 880 1405 ὦς
895 1324 1042 1415 άνιοτάτῳ
1057 1324 1189 1397 πάντων.
1214 1324 1235 1414 ἡ
1250 1330 1315 1396 τοί·

147 1423 149 1427 ’
206 1463 262 1501 νυν
280 1432 416 1519 ἕβδομός
436 1434 615 1516 συνέστηκεν
634 1434 667 1511 έξ
686 1428 754 1509 ἑνὸς
772 1433 827 1498 καί
845 1434 932 1504 δυσίν
947 1433 1000 1502 καὶ
1014 1429 1178 1519 τεττάρων,
1202 1430 1316 1516 έὴουσοι

162 1548 200 1609 to
207 1537 265 1606 δόο
280 1537 391 1624 λόγους
404 1533 679 1623 ἆρμονιιιωτάτους,
704 1533 759 1603 τόν
772 1561 805 1601 τε
818 1532 999 1623 τριπλάσιον
1012 1537 1064 1602 καί
1077 1534 1132 1602 τδν
1144 1533 1315 1624 τετραπλά-
1331 1560 1361 1615 p.
1376 1543 1414 1600 2⁷

205 1644 293 1722 αισα]
343 1640 403 1724 ἔχει
430 1640 465 1705 δέ
490 1641 541 1707 καί
563 1639 725 1726 διαιρέσεις
746 1635 879 1723 ζυγάδην
891 1636 1005 1725 τρόπον
1021 1638 1090 1705 τινά
1105 1637 1315 1717 συνεστώσας·
1342 1698 1349 1719 ,

207 1748 368 1831 διαιρεῖται
393 1741 454 1829 γάρ
483 1749 605 1829 πρῶτον
625 1744 668 1818 εἷς
685 1739 809 1824 μονάδά
832 1739 1019 1831 ναίκξξιίδα,
1044 1740 1146 1807 έπειτα
1173 1746 1216 1820 είς
1240 1768 1313 1808 πεν-

205 1844 287 1914 τάδα
307 1847 359 1913 καὶ
383 1840 503 1923 δυάδα,
537 1847 588 1911 καί
609 1850 780 1913 τελευταῖον
799 1848 842 1923 εἰς
863 1831 976 1933 τριάδα
991 1846 1043 1911 καί
1058 1835 1207 1933 τετράδα·
1230 1872 1312 1930 μου-

204 1947 358 2033 σικωτάτη
375 1948 409 2015 δέ
422 1944 443 2033 ἡ
458 1944 575 2016 τοότων
592 1954 654 2015 τῶν
669 1948 815 2036 ἀριθμῶν
836 1947 991 2033 ἀναλογία.
1013 1951 1152 2015 διατείνει
1165 1950 1200 2015 δὲ
1217 1950 1313 2035 αδτῆς

162 2050 226 2137 tid
247 2049 341 2141 φάσις
359 2053 411 2118 καὶ
430 2052 479 2120 tut
497 2052 554 2135 τὴν
573 2048 686 2141 δρατὴν
708 2048 850 2120 ἁπάντων
870 2051 992 2130 οὖσίαν,
1018 2051 1150 2140 οδρανδν
1169 2055 1221 2118 καὶ
1244 2059 1310 2139 γῆν.

206 2156 316 2223 αὐτίκα
331 2162 404 2242 γοῦν
419 2153 550 2244 οὐρανόν
563 2181 659 2244 φασιν
676 2152 753 2221 ἑπτά
768 2158 933 2235 διεξιόσδαι
949 2154 1088 2234 κόκλοις,
1114 2146 1157 2221 ὧν
1176 2155 1312 2241 δνόματα

205 2258 279 2330 τάδε
286 2308 298 2339 ,
338 2257 497 2347 ἀρκτικός,
535 2257 750 2347 ἀνταρκτικός,
781 2258 923 2347 θερινός,
951 2258 1139 2347 χειμερινάς,
1172 2263 1314 2349 ἰσημερι-

127 2399 129 2401 ·
204 2363 274 2442 νός,
301 2363 448 2444 ζωδιακὸς
469 2365 522 2428 καὶ
545 2363 670 2449 προσέτι
692 2363 847 2448 γαλαξίας.
891 2359 908 2428 ὃ
932 2364 993 2451 γὰρ
1016 2371 1154 2441 τοιοῦτος
1176 2363 1313 2451 άριδμδς

205 2465 294 2544 θεῖός
315 2468 407 2545 ἔστιν,
445 2465 521 2532 ὅθεν
545 2466 585 2555 τά
607 2465 686 2531 κατά
708 2466 767 2550 τὴν
787 2462 938 2552 ἡμετέραν
957 2467 1063 2551 ψυχὴν
1088 2468 1142 2531 διὰ
1164 2473 1219 2531 τοῦ
1240 2463 1313 2549 ἡγε-

159 2577 333 2653 mninstro&
356 2567 449 2655 λόγου
472 2566 588 2659 έπταχῇ
606 2570 754 2653 σχίζεται,
776 2567 855 2655 πρός
876 2594 909 2634 τε
928 2570 1015 2633 πέντε
1034 2567 1198 2651 αι’σθὴσεις
1211 2572 1264 2632 καί
1276 2569 1312 2634 cd

206 2673 378 2765 ρωνητιιιδν
394 2672 524 2762 ὄργανον
543 2674 595 2746 καί
610 2673 658 2743 tut
672 2679 749 2742 πᾶσι
768 2670 806 2740 τδ
823 2669 957 2757 γόνιμον.
982 2671 1034 2740 καί
1046 2671 1083 2736 τό
1096 2678 1157 2736 πᾶν
1172 2672 1207 2737 δὲ
1223 2679 1314 2742 τοῦτο

192 2844 195 2851 ’
275 2842 294 2903 4
311 2848 340 2903 oi
352 2846 426 2902 δέ-
441 2850 460 2903 9
473 2843 610 2918 δβδομάς]
625 2847 654 2910 σί
669 2845 700 2903 δὲ
715 2846 834 2917 pedanei
846 2847 886 2921 τῷ
893 2843 994 2917 Κρόνῳ
1002 2846 1056 2918 τὴν
1070 2843 1195 2918 ἑβδόμην
1202 2828 1315 2918 ἡμέραν

275 2912 423 2978 ἀνέθεντο.
441 2914 480 2979 τός
494 2912 632 2971 α’νωτοίτω
642 2916 767 2975 πάντων.
786 2914 803 2987 ἡ
820 2915 943 2988 ἑβδομὰς
954 2918 1010 2972 BP.
1107 2919 1125 2971 9
1144 2913 1263 2984 ἐχόντων
1277 2919 1313 2972 V.

275 2988 432 3113 ρρορρὶιρεί]
450 2986 600 3057 διπλάσιονΙ
614 2970 651 3049 V.
758 2988 791 3047 15
811 2984 925 3045 άτασαν
940 2986 973 3043 Ρ.
1080 2987 1113 3047 17
1129 2983 1245 3059 θερινόν
1260 2988 1314 3046 odd

205 3214 364 3279 generetur,
384 3214 415 3263 nt
437 3208 498 3281 ipso
514 3226 620 3280 qnoque
644 3221 734 3264 orator
749 3210 842 3265 Taren
928 3211 1024 3279 docet,
1049 3211 1123 3265 cuins
1146 3211 1213 3265 haec
1228 3214 1313 3267 verba

205 3287 282 3333 eunte
303 3272 365 3332 “est
385 3278 466 3338 enim,
478 3281 531 3334 dux
554 3289 581 3333 et
601 3279 726 3351 princeps
750 3281 836 3337 omniu
907 3296 973 3333 nnsis
1000 3298 1106 3347 semper
1120 3298 1178 3333 cnm
1194 3281 1231 3333 sit
1245 3283 1311 3335 dens

204 3366 378 3419 permanens,
394 3348 551 3417 immobilis,
568 3350 621 3403 sibi
636 3350 695 3421 ipse
711 3346 788 3419 par.”
818 3350 994 3402 mathematici
1009 3365 1084 3412 vero,
1100 3350 1200 3418 qnippe
1215 3350 1261 3417 qui
1276 3353 1312 3408 nd

205 3418 369 3473 fabulosioro
388 3418 532 3486 inclinant,
556 3418 672 3474 Saturno
693 3419 832 3487 septimum
853 3418 923 3469 diem
937 3416 1086 3469 attribuunt
1099 3426 1223 3486 tanquam
1241 3420 1312 3489 patri

205 3487 405 3549 ninsiifestornm
420 3488 538 3543 deornm.
562 3505 620 3540 cnm
636 3488 705 3540 enim
721 3486 834 3555 planetis
850 3487 970 3539 omnibus
981 3485 1105 3555 superior
1115 3487 1224 3540 Saturni
1233 3506 1311 3558 qnam

206 3556 300 3610 dicunt
314 3555 390 3611 stelle
408 3574 468 3611 esso
483 3556 595 3623 feratur,
610 3556 648 3607 illi
663 3554 791 3609 videlicet
805 3555 943 3625 septimum
957 3554 1028 3609 diem
1043 3559 1235 3611 consecrabant
1249 3566 1310 3612 ton-

206 3642 285 3693 cpmm
308 3625 421 3680 omnium
443 3642 569 3679 summae.
601 3624 743 3678 hebdomas
765 3625 897 3694 igiturex
914 3643 966 3679 nno
983 3627 1128 3680 etdnobus
1144 3635 1313 3695 etquattuor

206 3700 321 3761 connotat,
335 3694 435 3749 bibens
445 3696 510 3749 duas
526 3693 644 3749 rationes
659 3694 755 3747 eximie
769 3712 907 3763 consonas,
922 3694 1053 3765 triplicem
1064 3704 1093 3748 et
1104 3696 1311 3765 quadruplicem.

205 3765 390 3825 hebetantem
408 3764 488 3819 etiam
503 3762 649 3819 divisiones
666 3763 776 3833 ingatim
792 3766 981 3834 qiiodammodo
1000 3773 1167 3818 constantesz
1184 3766 1314 3819 dividitur

205 3832 278 3888 enim
292 3832 403 3901 primum
420 3834 449 3887 in
471 3834 608 3887 monadem
625 3843 706 3903 atque
722 3834 866 3903 hexadem,
884 3834 981 3889 deinde
996 3834 1024 3888 in
1042 3836 1182 3903 pentadem
1198 3853 1229 3887 ac
1244 3837 1311 3902 dya—

205 3905 283 3969 dem,
300 3902 414 3972 doniqne
431 3903 459 3959 in
472 3903 585 3959 triadem
601 3911 681 3973 atque
698 3905 845 3968 tetradem
867 3904 980 3957 maxima
996 3912 1083 3957 autom
1099 3904 1198 3957 musico
1214 3904 1312 3957 'horum

205 3988 374 4026 numerorum
388 3972 469 4025 ratio.
494 3972 612 4042 pertinet
626 3990 691 4026 vero
708 3972 788 4027 etiam
803 3972 861 4026 eius
876 3983 972 4027 natura
983 3974 1018 4026 ad
1031 3990 1088 4026 eom
1101 3990 1171 4041 qnae
1186 3976 1236 4026 sub
1250 3989 1314 4025 ocn-

205 4040 246 4095 los
263 4039 336 4094 cadit
353 4042 465 4095 omnium
487 4059 575 4097 rernm
593 4050 729 4108 naturam,
755 4042 856 4099 cadum
871 4052 899 4095 et
913 4051 1022 4096 terram.
1054 4040 1155 4095 ceolum
1171 4041 1269 4110 igitur,
1285 4048 1316 4094 ut

206 4110 258 4164 hoc
274 4120 350 4179 utar,
366 4120 469 4180 septen
486 4110 592 4165 circulis
615 4111 728 4165 cinctum
746 4112 853 4179 dicunt,
877 4128 988 4181 qnorum
1004 4112 1110 4165 nomina
1125 4112 1191 4166 haec
1205 4119 1315 4180 septen-

208 4178 347 4247 trionalis,
366 4179 563 4249 meridionalis,
587 4181 721 4248 aestivus,
738 4181 883 4248 hibernus,
899 4180 1119 4250 aequinoctialis,
1136 4180 1266 4249 signiter,
1287 4184 1317 4236 et

208 4257 350 4315 praeterea
365 4249 411 4305 vin
425 4248 520 4304 lacten.
549 4249 678 4309 eiusmodi
694 4250 764 4304 eninr
781 4267 905 4316 numerus
920 4250 1026 4305 divinas
1044 4260 1096 4304 ast.
1130 4250 1221 4317 itaquo
1238 4248 1318 4304 animi

207 4317 294 4369 nostri
318 4318 390 4374 viros
413 4318 629 4388 portationem,
652 4336 720 4388 quae
742 4320 916 4389 principatum
939 4328 1029 4387 tenet,
1052 4317 1217 4389 septemplici
1239 4318 1317 4375 modo

207 4384 420 4455 distinguuntur,
444 4387 553 4458 praeter
575 4388 692 4459 quinque
710 4406 805 4444 εειιειιε
820 4388 900 4443 etiam
915 4389 1040 4459 loquendi
1055 4390 1270 4454 instrumentum,
1288 4397 1317 4442 et

206 4470 273 4524 proc
287 4456 408 4511 omnibns
423 4456 625 4515 instrumentum
639 4459 808 4531 procreandi.
840 4466 870 4514 ct
884 4459 1037 4515 universnm
1052 4459 1103 4515 hoc
1117 4466 1220 4529 septem
1235 4459 1316 4513 robor
1404 4530 1407 4536 ἢ
