3125 4959
423 450 481 518 DE
505 444 841 517 MAGISTRATIBUS
864 446 900 512 P.
923 445 965 513 R.
987 444 1066 512 LIB.
1090 443 1149 515 111.
1252 443 1327 515 235

233 630 284 690 λεῖ
290 621 452 707 Ῥωμαίων
466 620 563 710 ὁρμᾶν
579 623 626 687 ini
641 617 772 705 πόλεμον
778 670 789 700 ,
816 613 936 697 εἶνύτως
949 627 1014 695 τοῖς
1025 618 1082 701 μὲν
1095 626 1275 712 στρατηγοΐς
1288 618 1329 686 τι),

232 735 294 793 τῶν
309 728 448 811 πολίμων
462 732 506 814 τῷ
524 727 556 791 δὲ
573 726 737 813 μαγίστρῳ-
750 724 790 789 τὰ
808 730 863 789 τοῦ
876 725 1026 796 παλατίου
1041 724 1140 809 γίγαντ’
1153 721 1242 810 χύρα
1249 771 1260 802 ,
1286 719 1330 799 ὣς

233 832 330 914 μηδὲν
347 832 447 917 ἕτερον
461 828 536 913 ἔχειν
546 828 581 894 τύ
597 828 702 893 λοιπὸν
716 827 772 912 τὴν
786 826 977 913 ἔπαρχύτητα
992 824 1120 910 ἢμόνον
1134 826 1190 909 τὴν
1201 827 1249 890 lut
1261 835 1330 902 τοῖς

235 931 385 1011 ιλαπύναις
399 935 556 1022 φροντίδα,
576 930 613 1008 ἃς
624 928 704 1009 είκύς
714 933 777 996 ἐστι
790 933 931 1016 γενέσθαι
946 928 1024 1010 κατὰ
1036 930 1072 995 τὸ
1087 929 1249 1014 ἄναγκαῖον
1260 931 1331 1015 περί

208 1060 265 1113 sta
278 1036 349 1114 τούς
360 1038 392 1113 ἐξ
405 1036 499 1119 αὐτῆς
512 1034 767 1122 παραφοομίνους
782 1032 932 1120 ἄρχοντας
940 1035 992 1099 καί
1006 1035 1074 1121 περί
1088 1033 1217 1109 ἐκείνους
1225 1056 1258 1118 γε
1266 1031 1329 1117 μὴν

233 1130 277 1205 ὧν
294 1139 379 1205 αὐτοὶ
395 1128 681 1224 ύῆθεύίτύχθησαν
698 1136 811 1224 ι’ίρχειν.

335 1238 395 1310 42.
446 1245 486 1307 Ei
508 1243 544 1309 ὀί
563 1268 610 1319 τις
632 1243 683 1306 καί
706 1241 777 1319 τούς
791 1241 824 1306 ἐν
840 1244 902 1307 τῶν
914 1233 1112 1328 προρρήσεων
1127 1233 1330 1323 στοχασμούς,

234 1342 288 1421 ούς
301 1370 379 1422 τινες
394 1351 520 1412 καλοῦσι
530 1342 708 1430 χρησμούς,
740 1344 772 1409 ίν
791 1344 919 1431 ἀριθμῷ
935 1340 1033 1429 λύγων
1047 1348 1238 1430 παραλαβεῖν
1252 1336 1329 1405 ino·

194 1521 197 1526 ι
232 1448 336 1530 μένοι,
357 1450 451 1536 πέρας
462 1448 552 1532 ἔλαβε
567 1448 606 1515 τὰ
624 1452 773 1536 Φωντηίῳ
785 1456 828 1535 τῷ
841 1443 981 1541 Ῥωμαίῳ
997 1445 1131 1533 ῥηθέντα
1144 1444 1227 1511 ποτί.
1252 1444 1330 1533 φησί

92 1597 97 1609 -
193 1552 292 1638 toydp
317 1552 443 1633 ίιιεΐνος,
478 1554 528 1617 καί
550 1554 671 1635 στίχους
690 1552 776 1629 τινὰς
797 1550 946 1627 δοθίντας
972 1552 1069 1631 δῆθεν
1087 1545 1233 1637 ‘raptas
1257 1546 1330 1611 ποτὲ
1365 1588 1367 1593 ,

231 1656 370 1740 πατρίοις
391 1652 523 1743 ῥήμασιν
544 1655 687 1743 ἀναφέρει
693 1703 704 1735 ,
724 1653 815 1734 τοὺς
838 1652 1015 1739 ἀναφανδὸν
1039 1652 1242 1738 προλίγοντας-
1262 1646 1331 1715 τύτε

229 1753 399 1839 Ῥωμαίους
414 1759 471 1842 τὴν
486 1755 579 1842 τύχην
594 1758 770 1840 ἀπολείψειν
775 1804 787 1836 ,
818 1753 869 1820 ὅτε
891 1754 978 1834 uisui
999 1758 1055 1835 τῆς
1073 1756 1202 1840 πατρίου
1227 1756 1332 1842 φωνῆς

232 1858 449 1926 ἐπιλάθωνται.
499 1864 550 1926 καί
575 1862 627 1927 ’τὸν
649 1861 705 1943 μίν
727 1856 886 1943 λεγόμενον
904 1856 1045 1943 χρησμὸν
1065 1867 1129 1934 τοῖς
1144 1858 1211 1945 περί
1226 1860 1329 1939 μηνῶν

231 1974 393 2051 γραφεῖσιν
406 1960 479 2047 ἡμῖν
496 1965 721 2046 ἔντεθείκαμεν,
747 1964 842 2049 πίρας
862 1961 895 2027 δὲ
915 1964 1034 2044 μᾶλλον
1048 1958 1121 2043 ’ἔσχε
1141 1959 1182 2025 τύ
1202 1965 1331 2025 τοιαῦτα

193 2087 225 2140 15
232 2064 438 2149 μαντεύματα.
489 2064 596 2153 Κύρου
613 2063 671 2154 γάρ
688 2092 770 2143 τινος
781 2066 953 2149 Λίγυπτίου
961 2110 972 2142 ,
997 2064 1045 2126 ini
1061 2068 1201 2147 ποιητικῇ
1220 2061 1263 2125 ἔτι
1279 2062 1331 2125 καλ

232 2174 287 2229 νῦν
302 2170 534 2250 θαυμαζομένου
542 2217 552 2248 ,
579 2168 644 2251 ἱίμα
661 2171 716 2251 τὴν
730 2164 896 2252 πολίαρχον
913 2163 979 2246 ἅμα
996 2163 1052 2246 τὴν
1066 2169 1127 2228 τῶν
1139 2165 1332 2249 πραιτωρίων

233 2266 425 2353 ἕπαρχύτητα
448 2269 602 2345 διέποντος
623 2272 673 2331 καί
691 2269 787 2351 μηδὲν
808 2266 893 2354 παρὰ
914 2267 970 2348 τὴν
987 2268 1106 2348 ποίησιν
1122 2267 1330 2348 ἐπισταμένου,

233 2366 298 2436 εἶτα
313 2376 488 2455 παραβῆναι
504 2364 720 2456 θαρρήσαντας
735 2370 791 2453 τὴν
805 2368 939 2434 παλαιὰν
952 2368 1117 2451 συνήθειαν
1129 2371 1179 2433 καί
1195 2368 1251 2445 τὰς
1263 2365 1330 2451 ψή-

233 2496 313 2559 ηους
322 2470 446 2536 Ἑλλάδι
461 2478 550 2559 φωνῇ
564 2470 802 2559 προενεγκόντος,
822 2472 879 2539 σύν
891 2477 929 2562 τῇ
938 2468 1096 2553 Ῥωμαίων
1111 2477 1199 2557 φωνῇ
1213 2472 1263 2535 καί
1276 2470 1331 2553 τὴν

191 2571 327 2659 εατύχην
341 2571 523 2659 ἀπίβαλενῆ
539 2572 628 2662 ἀρχή.
678 2574 774 2658 νόμον
786 2574 846 2661 γὰρ
862 2572 1059 2661 αύτιγρύφειν
1072 2570 1089 2637 ὃ
1102 2574 1247 2654 βασιλεὺς
1261 2573 1332 2638 ἀνε-

233 2667 345 2761 πείσθη
359 2674 459 2760 πύσης
473 2676 697 2765 ἀφαιρούμενον
712 2677 849 2755 ἔξουσίας
862 2676 916 2761 τὴν
929 2672 1138 2763 ἒπαρχύτητα·
1163 2673 1251 2762 ἡγὰρ
1262 2674 1331 2764 ύρτι

234 2782 285 2845 καί
299 2780 443 2867 κουφίσαι
457 2777 548 2869 ὅρους
561 2785 613 2845 καί
625 2776 756 2864 σιτήσεις
766 2782 817 2845 καί
831 2786 921 2869 φιῦτα
932 2781 983 2845 καί
1000 2780 1077 2857 θέας
1091 2781 1141 2844 καί
1154 2776 1332 2856 ἀνανεώσεις

301 2982 371 3050 aaa
383 2990 417 3057 1⁴¹,
434 2982 471 3057 ἣν
487 2990 519 3043 Ο.
598 2990 631 3047 12
645 2982 793 3045 ἀπέλειπεν
809 2991 843 3044 C.
911 2985 1099 3062 2οἆτιὲβαίεν
1116 2991 1168 3047 add
1183 2992 1270 3045 Fess
1287 2990 1330 3045 12.

302 3055 531 3129 αύτιγοὶρφεινθ.
633 3060 741 3131 &lego
754 3058 872 3130 φόρους.
885 3062 920 3115 F.
1008 3136 1011 3142 Ι
1312 3082 1314 3086 ·

234 3245 355 3313 Romani,
373 3252 403 3302 ut
415 3264 525 3302 necesse
539 3251 606 3314 erat,
623 3265 690 3317 quae
704 3249 738 3302 ad
750 3247 821 3302 bella
833 3246 984 3317 pertinent,
1002 3248 1104 3313 ducum,
1123 3261 1192 3315 qnae
1208 3242 1242 3295 ad
1259 3243 1332 3313 pala-

233 3315 309 3382 tium,
327 3316 445 3384 magistri
462 3316 599 3386 provincia
614 3319 707 3381 fuore3
724 3325 753 3371 ut
767 3316 832 3369 nihii
847 3317 916 3370 aliud
932 3318 1100 3385 praefectura
1113 3314 1214 3366 lrabeat·
1223 3312 1275 3366 nisi
1288 3331 1332 3365 so-

234 3384 286 3437 lam
302 3395 447 3453 sumptuum
463 3386 728 3453 administrationem,
746 3386 806 3456 qni,
824 3395 854 3438 ut
867 3386 1032 3455 perspicuum
1046 3390 1102 3450 est,
1120 3399 1177 3434 cum
1194 3381 1222 3433 in
1239 3382 1332 3435 obvias

234 3453 408 3507 necessitates
422 3457 475 3505 t‘um
496 3456 524 3507 in
542 3455 708 3523 magistratus
723 3473 755 3507 ex
770 3454 832 3523 illa,
855 3464 885 3507 ut
897 3454 967 3521 dixi,
995 3459 1085 3519 omos,
1107 3452 1226 3519 adeoque
1242 3452 1270 3504 in
1288 3469 1334 3504 eos

234 3522 330 3593 quibus
345 3521 373 3573 hi
388 3523 516 3591 praefecti
528 3533 598 3592 sunt,
614 3524 809 3594 impenduntur.

302 3624 347 3677 42·
383 3624 486 3689 Quodsi
502 3625 567 3695 qnia>
577 3635 606 3681 et
622 3628 787 3681 coniecturas
803 3645 819 3679 e
835 3623 1075 3695 praedictionibus,
1099 3640 1167 3692 qaae
1188 3620 1293 3675 oracula
1317 3640 1334 3676 a

234 3692 364 3745 nonnullis
381 3702 522 3759 vocantur,
544 3697 674 3751 rationum
687 3698 715 3749 in
729 3694 836 3750 numero
850 3696 949 3746 habere
967 3711 1020 3745 non
1035 3700 1153 3758 recuset,
1172 3692 1269 3745 exitum
1285 3693 1333 3743 ha·

234 3760 318 3815 bnire
333 3780 349 3814 a
365 3762 479 3815 Fonteio
495 3762 611 3818 Romano
645 3768 757 3819 nondam
773 3765 853 3817 dicta.
889 3762 928 3814 ait
944 3762 1013 3815 enim
1029 3761 1082 3827 iile,
1100 3770 1128 3814 et
1142 3777 1236 3814 versus
1252 3777 1332 3830 quos-

235 3834 295 3884 dam
313 3831 421 3889 Romulo
438 3831 541 3884 scilicet
557 3834 617 3887 olim
628 3786 706 3888 datos
742 3833 810 3886 atrio
827 3848 948 3883 sermone
960 3835 1052 3897 refert,
1067 3837 1160 3901 aperte
1176 3830 1333 3899 praedicen-

235 3910 277 3952 tes
294 3906 348 3953 tum
363 3901 494 3954 Ronranos
512 3903 641 3956 {amanam
658 3854 857 3967 dereiictnram,
876 3917 934 3953 cam
953 3901 1003 3971 ipsi
1017 3901 1119 3970 patriae
1136 3899 1241 3966 linguae
1256 3896 1333 3950 obiiti

235 3968 364 4036 inissent,
391 3971 462 4039 quod
484 3970 613 4023 oraculum
630 3974 677 4039 (at
690 3972 804 4035 vocant)
819 3979 909 4021 nostro
925 3971 957 4023 de
971 3970 1107 4024 dierrsibas
1120 3968 1244 4023 tractatui
1260 3967 1333 4019 inse-

233 4038 343 4092 ruimus.
378 4038 476 4091 exitum
493 4056 556 4091 vero
575 4041 665 4109 utique
690 4041 755 4093 haee
774 4038 900 4090 vaticinia
916 4040 1042 4093 habuere.
1077 4038 1176 4108 quippe
1195 4045 1334 4106 postquam

235 4108 323 4173 Cyrus
339 4106 442 4176 quidam
456 4107 612 4177 Aegyptius,
630 4126 705 4179 quom
720 4110 754 4161 ob
768 4107 862 4176 poesin
876 4108 1015 4162 etiamnum
1033 4109 1209 4173 admirantur,
1226 4106 1333 4176 praese-

235 4186 310 4229 ctura
326 4176 399 4229 urbis
423 4185 451 4230 et
471 4176 599 4247 praetorii
618 4177 693 4230 simul
714 4179 844 4243 fungens,
874 4195 959 4247 nequo
978 4178 1049 4231 aliud
1070 4177 1208 4246 quicquam
1228 4182 1335 4244 praeter

235 4244 331 4314 poesin
348 4244 450 4313 adens,
476 4255 594 4299 veterem
617 4244 831 4299 consuetudinem
846 4247 994 4315 transgredi
1011 4264 1090 4299 ausus
1114 4254 1155 4298 est
1175 4247 1335 4311 decretaque

236 4314 341 4367 Graeco
356 4331 476 4367 sermone
489 4314 608 4385 protulit,
624 4331 680 4367 cum
695 4316 813 4367 Romana
828 4313 915 4384 lingua
930 4318 1061 4369 iomanem
1074 4331 1180 4384 quoque
1194 4312 1333 4380 magistra-

229 4388 278 4445 tus
289 4382 384 4436 amisit.
402 4382 487 4451 legem
504 4384 573 4437 enim
589 4384 777 4452 autographam
791 4384 861 4437 ferre
878 4399 1019 4455 persuasus
1036 4393 1079 4439 est
1095 4383 1246 4451 imperator,
1263 4381 1334 4434 omni

234 4450 413 4521 magistratum
429 4460 563 4524 potestate
578 4451 744 4525 spoliantem.
784 4471 843 4509 uam
859 4454 906 4525 qui
922 4472 1006 4527 nuper
1023 4452 1168 4509 estrimes
1183 4450 1289 4506 levandi
1304 4458 1334 4506 st
