3125 4959
240 391 285 464 17
288 390 312 461 6
437 456 439 460 ,
633 385 804 458 IOANMS
828 385 931 456 LYDI

234 555 440 648 μελετήσαντα
459 566 514 629 τοῦ
533 564 589 647 μὲν
608 567 722 629 σνοποό
741 559 828 650 incip.
842 558 1024 638 λυσιτελείας
1043 563 1106 628 τῶν
1119 562 1225 626 κοινῶν
1238 555 1326 624 διιπε-

235 676 308 746 σείν,
335 669 378 744 είς
390 664 554 754 βάραθρον
568 666 601 731 δι’
614 667 669 749 τὴν
682 667 781 753 ἀρχὴν
796 675 994 752 καταρρῒψαι.
1045 663 1152 730 αὐτίκα
1167 663 1293 748 μὲνγὰρ
1307 659 1324 727 ό

236 769 380 854 βασιλεὺς
394 777 448 854 τῆς
461 769 494 834 lx
506 775 567 836 τῶν
579 767 682 834 ὅπλων
696 767 800 852 ίσχόος
811 767 984 856 ἀφαιρεῖται
1000 767 1056 850 τὴν
1067 763 1174 854 ἀρχήν,
1200 762 1262 830 εἶτα
1271 770 1327 847 τῆς

236 877 297 938 τῶν
318 873 483 958 δεχομίνὶον
501 877 661 959 φαβρικῶν
681 872 770 938 οἱονεί
792 869 972 937 intonante
987 872 1148 958 φροντίδος
1161 875 1216 954 τῆς
1228 873 1327 933 τετοῦ

236 976 383 1058 δημοσίου
400 971 517 1062 δρόμου
532 977 582 1038 καί
596 972 697 1059 πάσης
710 969 814 1060 ἓτίρας
821 1022 831 1053 ,
857 972 901 1039 δι’
916 964 959 1038 διν
973 974 1009 1038 τό
1027 956 1185 1058 λεγόμενον
1199 969 1351 1054 συνίστηό

235 1078 437 1164 μαμστίριον.
483 1074 525 1154 ὥς
540 1078 574 1142 δὲ
586 1069 780 1165 δόσεργονῆν
795 1076 975 1164 όποτρίῳειν
987 1076 1042 1158 μίν
1056 1077 1111 1141 τόν
1121 1073 1259 1160 ὕπαρχον
1271 1072 1330 1137 risu

235 1180 292 1258 τὰς
316 1181 461 1268 ίπαρχίας
482 1181 554 1254 τοὺς
577 1181 741 1263 δημοσίους
752 1181 865 1257 ’ίππους
878 1182 927 1243 καί
943 1179 1016 1256 τοὺς
1030 1177 1132 1255 αότοῖς
1147 1178 1330 1264 ἐφεστῶτας,

235 1279 356 1366 ἕτίρους
378 1285 413 1346 δι’
433 1287 600 1366 κεκτῆσθαι
621 1281 677 1364 τὴν
696 1281 747 1345 ἐπ’
773 1281 876 1360 αότοῖς
898 1284 1035 1359 ἐξουσίαν
1055 1307 1087 1348 τε
1103 1284 1153 1347 καί
1172 1279 1331 1362 διοίκησιν,

235 1381 329 1468 νόμος
342 1385 437 1469 Iul-iq-
447 1386 598 1463 θεσπίζων
613 1373 795 1467 άντίχεσόαι
809 1387 865 1469 μίν
878 1386 931 1452 τόν
944 1384 1082 1471 όπαρχον
1092 1391 1147 1467 τῆς
1162 1390 1217 1450 τοῦ
1232 1386 1332 1466 δημο-

236 1490 304 1554 σίου
326 1484 442 1574 δρόμου
466 1489 640 1574 φροντίδος,
664 1486 718 1552 τδν
740 1495 861 1576 πρῶτον
879 1489 981 1571 μίντοι
1002 1495 1063 1553 τῶν
1083 1487 1373 1575 ῳρουμενταρίιυνΙθ

236 1591 397 1676 (πρίγκιπα
412 1587 505 1655 αότόν
522 1587 653 1678 σήμερον
666 1593 826 1675 συμβαίνει
839 1594 1015 1675 καλείσθω)
1036 1600 1175 1676 παρεῖναι
1189 1591 1243 1654 διὰ
1254 1614 1333 1653 παν-

235 1693 290 1770 τὸς
304 1699 348 1782 τῷ
362 1695 545 1782 δικαστηρίῳ
561 1700 615 1758 τοῦ
631 1699 691 1758 τῶν
712 1696 904 1782 πραιτωρίων
924 1691 1064 1781 δπάρχου
1086 1696 1138 1758 καὶ
1156 1698 1332 1776 πολυπραγ-

235 1804 356 1880 μονείν,
400 1794 529 1872 καὶτὰς
553 1798 652 1873 αίτίας
671 1798 826 1883 ἓξερευντῖν
848 1788 891 1862 ὧν
912 1797 996 1861 ίνειια
1015 1798 1120 1861 πολλοὶ
1143 1793 1331 1882 ποριζόμενοι

237 1899 323 1985 παρδι
344 1903 399 1981 τῆς
420 1897 516 1983 ἀρχῆς
537 1899 578 1963 τά
595 1896 742 1984 λεγόμενα
761 1898 945 1983 συνθήματα
961 1905 1005 1986 τῷ
1021 1901 1158 1987 δημοσίῳ
1174 1899 1332 1983 κέχρηνται

238 1998 345 2088 δρόμῳ
362 1998 473 2086 (ναότη
490 2003 541 2065 καὶ
556 2004 722 2089 κουρίωσος
735 1999 903 2087 ὠνομάσθη
924 2002 990 2067 ἀντὶ
1012 2009 1067 2067 τοό
1083 2003 1252 2088 περίεργος,
1277 1999 1329 2063 καὶ
1339 2002 1372 2057 15

238 2103 293 2167 mix
317 2103 408 2180 αὐτὸς
428 2101 521 2185 μόνος
543 2104 619 2168 ἀλλὰ
643 2107 694 2168 καί
715 2103 825 2182 πάντες
844 2103 910 2171 ὅσοι
933 2105 991 2169 κάν
1011 2113 1078 2182 ταῖς
1093 2106 1251 2190 ἐπαρχίαις
1270 2110 1334 2176 τοῖς

238 2207 396 2286 δημοσίοις
414 2204 614 2291 ίῳεστήνασιν
634 2208 774 2292 ἵπποις),
800 2205 1098 2295 προσεπιγράῳοντος
1117 2217 1181 2283 τοῖς
1203 2207 1251 2271 ἐπὶ
1274 2208 1334 2269 τῶν

238 2303 363 2392 δρόμων
380 2304 557 2387 συνθήμασι
573 2311 623 2371 καί
640 2317 694 2374 τοῦ
712 2311 870 2396 λεχομίνου
886 2313 1064 2398 μαγίστρου.
1115 2309 1162 2375 δτι
1179 2311 1214 2374 δὲ
1227 2307 1334 2381 οὕτως,

238 2408 333 2490 αῧῖἥί
349 2406 478 2490 δυνατόν
499 2407 626 2472 άκοῦσαι
648 2417 705 2489 τῆς
728 2411 894 2488 διατάξεως
899 2461 910 2489 ,
936 2415 968 2477 ἔν
979 2415 1036 2494 μίν
1047 2420 1090 2500 τῷ
1106 2410 1201 2475 πάλαι
1217 2409 1334 2472 Θεοδο-

237 2516 334 2602 σιανῳῖ
343 2509 495 2592 κειμένης,
517 2510 548 2572 ίν
560 2510 594 2574 δὲ
610 2515 653 2596 τῷ
665 2517 763 2598 νεαρῷ
777 2515 1000 2597 παροφθείσης.
1094 2519 1098 2524 ’
1338 2511 1376 2569 2)

345 2611 402 2680 11.
455 2603 630 2688 Οδτοοςοδν
644 2611 745 2700 ὥσπερ
759 2613 803 2676 δι’
819 2610 1009 2698 metuoque
1023 2597 1334 2698 τινοίνκαταῳερομί-

240 2742 294 2803 νης
308 2722 363 2800 τῆς
378 2715 493 2802 ἀρχῆς,
525 2714 596 2792 τοὺς
609 2715 665 2799 μὲν
677 2715 912 2803 στρατιωτικοδς
926 2711 1111 2799 καταλόγους
1123 2711 1226 2791 ίτοξεν
1239 2708 1260 2797 ἦ
1274 2716 1336 2793 βα·

308 2939 453 2996 Βπολίοόν
470 2940 503 3008 C,
520 2941 569 2994 sed
586 2943 604 2995 3
620 2943 655 2994 40
670 2935 774 2996 δπλονν.
877 2939 1099 3012 susceptum
1114 2942 1148 2994 C.
1244 2940 1277 2994 10
1293 2955 1338 2991 τοι

308 3011 360 3065 add
374 3012 408 3062 F.
528 3013 560 3062 11
576 3013 721 3062 καλεῖσθαι
734 3011 783 3062 add
800 3012 824 3062 F
839 3029 854 3062 e
871 3013 889 3062 3
905 3013 949 3064 40.
1072 3013 1104 3064 17
1120 3010 1193 3077 lego,
1209 3016 1240 3060 ut
1257 3009 1276 3062 3
1292 3009 1337 3074 40,

308 3071 586 3149 αροῦποηράφοντος.
677 3079 717 3147 τῷ
736 3075 861 3148 δρόμῳὸ
877 3077 922 3132 40.
1025 3072 1287 3150 21δποβαράδραν
1302 3076 1335 3130 0.

244 3283 380 3356 proposito
396 3280 509 3352 quidem,
525 3284 595 3336 bono
607 3280 648 3334 rei
662 3280 790 3350 publicae,
807 3281 951 3350 aberravit,
967 3281 996 3335 in
1010 3282 1160 3336 barathrum
1174 3298 1240 3336 vero
1254 3277 1337 3346 magi-

244 3362 353 3406 stratum
371 3352 565 3423 praecipitavit.
601 3367 710 3420 namque
729 3350 873 3418 imperator
893 3352 1016 3406 continuo
1037 3353 1181 3423 potentiam
1201 3353 1236 3403 ab
1259 3345 1338 3400 armis

244 3420 407 3488 magistratui
420 3421 525 3486 adimit,
552 3420 647 3474 deinde
667 3419 838 3485 fabricarum,
863 3421 891 3473 id
908 3432 950 3475 est
966 3439 1094 3475 armorum
1110 3420 1338 3480 conficiendorum,

244 3507 362 3542 necnon
378 3506 469 3542 cursus
486 3489 583 3558 publici
600 3508 709 3557 emam,
726 3498 754 3540 et
769 3497 872 3554 ceteras
888 3508 994 3557 omnes,
1020 3510 1035 3544 e
1053 3491 1150 3559 quibus
1162 3484 1338 3557 magisterium

244 3557 314 3626 quod
336 3566 433 3611 vocant
448 3559 587 3610 conflatum
611 3569 662 3612 cst.
696 3575 753 3611 cum
776 3566 861 3610 autem
883 3557 1071 3613 incommodum
1087 3567 1160 3613 esset
1178 3556 1337 3627 praesectum

244 3626 377 3696 praetorio
393 3643 475 3696 equos
487 3627 605 3697 publicos
617 3628 703 3698 iisque
716 3627 881 3696 praepositos
894 3627 923 3680 in
937 3629 1082 3698 prouinciis
1098 3637 1255 3689 sustentare,
1272 3620 1339 3674 aiio-

243 3712 301 3748 rum
318 3710 382 3746 vero
399 3699 447 3749 sub
464 3705 595 3766 potestate
613 3715 658 3750 eos
674 3696 950 3766 administrationesque
965 3716 1034 3763 esse,
1052 3699 1095 3752 lex
1107 3699 1170 3751 data
1181 3704 1223 3747 est
1235 3701 1266 3745 ut
1278 3706 1339 3742 cur-

245 3780 289 3817 sus
307 3763 405 3831 publici
419 3781 507 3818 curam
523 3767 671 3835 praefectus
689 3765 822 3835 praetorio
838 3765 968 3820 retineret
990 3768 1108 3837 quidem,
1131 3765 1228 3836 primus
1251 3771 1340 3813 tumen

243 3831 470 3886 numentanorum
485 3835 643 3918 (principem
661 3851 719 3889 eum
735 3835 813 3888 hodie
833 3838 946 3904 vocant)
962 3835 990 3889 in
1010 3835 1140 3891 auditorio
1160 3832 1217 3886 sius
1236 3844 1341 3948 semper

245 3903 367 3967 adesset,
391 3909 420 3951 et
433 3913 527 3955 concta
541 3920 646 3958 curiose
659 3903 848 3974 investigaret,
875 3921 1019 3975 causasque
1031 3905 1177 3974 inquireret
1192 3917 1239 3952 eru
1255 3915 1298 3952 mu
1307 3906 1339 3965 tr,

245 3969 391 4040 impetratis
407 3971 570 4038 apraeiecto
585 3974 720 4042 praetorio
734 3974 915 4041 synthematis,
933 3991 1010 4029 cursu
1022 3973 1125 4044 publico
1136 3976 1242 4023 utentur
1256 3967 1341 4032 (1111(10

247 4040 325 4094 etiam
340 4039 457 4121 curiosus
474 4039 559 4093 dictus
575 4048 631 4105 est3
657 4059 743 4111 neque
758 4042 802 4096 iile
815 4042 894 4110 solus,
912 4046 959 4098 sed
976 4045 1124 4114 quicunque
1140 4039 1214 4106 equis
1227 4034 1341 4106 publicis

246 4109 275 4163 in
290 4107 432 4179 provinciis
449 4110 617 4178 praepositi),
636 4120 716 4178 utque
730 4115 897 4180 synthemata
914 4115 949 4167 ari
965 4129 1056 4167 corsus
1072 4107 1245 4175 stinagium,
1262 4122 1341 4174 quem

247 4185 357 4245 vocant,
374 4177 450 4245 isque
464 4176 561 4245 primus
576 4181 765 4235 subscriberet.
800 4184 870 4252 qood
886 4182 925 4235 ita
939 4200 999 4236 esse
1013 4181 1071 4249 ipsa
1083 4175 1235 4230 constitutio
1252 4176 1341 4244 docet,

246 4245 275 4300 in
288 4255 379 4300 vetere
392 4246 483 4298 codice
499 4245 685 4301 Theodosiana
703 4260 820 4319 exstans,
837 4251 865 4304 in
880 4269 949 4304 uovo
963 4259 1047 4305 autern
1064 4244 1259 4315 praetermissa.

317 4318 359 4370 11.
394 4315 440 4368 Sic
456 4313 538 4382 igitur
552 4323 674 4386 tanquam
691 4336 739 4386 per
756 4322 854 4388 gradus
870 4319 975 4374 labente
990 4316 1158 4384 magistratu,
1184 4313 1342 4368 militaribus

247 4384 374 4455 catalogis
389 4384 542 4456 imperator,
558 4400 624 4457 quos
640 4387 749 4442 comites
764 4399 819 4444 turn
832 4391 962 4444 vocabant
975 4387 1033 4440 sive
1046 4386 1138 4454 duces,
1147 4384 1244 4439 officiis
1254 4392 1343 4438 sutem
