3125 4959
285 404 357 476 110
684 403 853 474 louuuls
878 405 980 473 LYDI

279 570 489 665 ἀρσενίθηλυς
502 573 562 642 ὑπὸ
573 571 726 662 Ἑλλήνων
733 625 744 657 ‚
770 576 983 664 ἀγνοησάντων
997 576 1116 643 ίκείνιον
1131 576 1187 661 τὴν
1198 579 1265 666 περὶ
1281 576 1374 645 oritis

279 682 481 768 φιλοσοφίαν,
515 682 566 746 καί
590 682 637 758 τίς
657 678 816 766 τετύχηκεν
838 682 896 748 ῶν·
928 673 1017 758 οὗτος
1036 677 1096 766 γάρ
1116 680 1178 745 ἔστι
1201 682 1237 747 τὸ
1257 682 1375 768 θερμὸν

278 790 397 867 πνεῦμα
411 783 446 849 τίν
461 785 494 849 ίκ
508 781 608 866 πιίσης
623 791 740 871 σπορᾶς
755 786 867 863 παντὸς
882 782 960 874 ζῴου
975 790 1178 866 πνευματικοῦ
1193 809 1374 869 συγκατατι-

278 887 408 968 θίμενον
430 890 474 963 είς
497 888 657 972 ζῳογονίαν
678 890 729 952 καί
755 888 881 971 αὔξησιν
905 884 1026 953 πάντων
1048 893 1110 951 τῶν
1135 888 1168 951 ἓν
1190 894 1235 975 τῷ
1260 886 1374 976 κόσμῳ.

168 1018 196 1069 p.
214 1002 265 1059 127
279 990 482 1077 μηροτραφὴς
498 991 531 1053 δὲ
546 986 679 1073 ἐκλήθη,
711 992 773 1063 ἐπεὶ
790 993 821 1056 ἓν
837 1001 905 1069 ταῖς
918 989 1037 1075 μήνιγξι
1055 991 1105 1054 καί
1121 999 1185 1067 τοῖς
1199 989 1299 1075 ὄγκοις
1313 997 1399 1067 rous

278 1095 413 1179 γονίμοις
435 1094 487 1156 καὶ
511 1102 578 1169 ταῖς
600 1095 697 1182 φλεψὶ
718 1104 785 1171 ταῖς
800 1096 831 1159 ίν
844 1105 908 1172 ἰοἴς
920 1104 1030 1180 μηροῖς
1045 1092 1260 1183 ἓγκιιτηίκισται
1276 1090 1296 1176 ἡ
1311 1119 1376 1158 τοι·

279 1192 357 1279 αὕτη
374 1195 463 1260 ου’·σία
478 1194 590 1273 παντὸς
604 1194 693 1285 ζηίου,
718 1199 751 1274 ἐξ
765 1188 803 1261 οὗ
816 1199 942 1282 συνίστη
956 1196 996 1261 τὰ
1008 1194 1117 1262 πάντα.
1167 1189 1377 1283 ιίρρενόθηλυς

281 1299 315 1363 δὲ
330 1298 442 1384 ίρρίθη
460 1299 512 1362 διὰ
527 1298 562 1363 τὸ
577 1298 632 1376 τὰς
648 1298 865 1387 ἀρρενοθήλεις
879 1299 997 1387 σπορὰς
1009 1301 1148 1385 γίνεσθαι
1165 1298 1233 1379 δύο,
1255 1298 1376 1383 ἄρσενι-

280 1397 336 1483 κὴν
352 1426 383 1465 τε
399 1403 451 1465 καὶ
466 1402 605 1485 θηλυκὴν
618 1399 729 1489 φύσιν,
760 1407 813 1467 καί
834 1404 888 1470 οὔκ
911 1403 991 1468 ίστιν
1012 1404 1113 1489 ἕτερον
1135 1402 1194 1489 ἀφ’
1216 1400 1319 1489 ἕιίρου
1339 1401 1375 1484 agi

280 1500 447 1586 δννιίμεννν
460 1511 610 1589 γεννῆσαι,
636 1508 662 1571 εί
677 1508 721 1589 μὴ
738 1502 817 1589 ὃμοῦ
831 1506 951 1572 ἔλθοιεν
967 1508 1016 1570 καί
1035 1504 1242 1593 ζῳογονησιοσι
1258 1505 1297 1571 τὰ
1314 1508 1375 1591 ζῶα
1385 1514 1416 1567 to

278 1606 319 1673 τὰ
333 1603 513 1673 ὑπὸτούτου
528 1610 817 1695 δεδημιουργημένα.
868 1607 1062 1687 ἀναλῶεσθαί
1081 1635 1113 1674 τε
1137 1608 1232 1673 αὐτὸν
1251 1604 1376 1689 ὖπειλή-

281 1734 359 1797 φασι
376 1712 425 1775 καί
444 1710 534 1774 πιίλιν
549 1718 725 1796 γεννᾶσθαι,
751 1712 814 1778 ἐπεὶ
824 1716 874 1778 καί
884 1713 923 1779 τὰ
933 1713 965 1790 ε”ξ
975 1711 1070 1777 αιἰτοῶ
1081 1709 1251 1797 γεννώμενα
1266 1708 1378 1796 ὁμοίως

280 1812 477 1890 ἀνεκλείπτους
488 1816 660 1879 δαπανῶται
675 1819 726 1880 καί
741 1814 833 1882 πάλιν
846 1819 1044 1904 ζῳογονεῖται.

382 1914 443 1982 96.
493 1916 565 1991 τοὺς
586 1920 751 2004 κεραυνοὺς
774 1920 803 1983 oi
826 1916 995 2007 φιλόσοφοί
1016 1934 1092 2005 φασι
1112 1916 1270 1999 γενίσθαι,
1302 1907 1376 1977 ὅταν

280 2015 366 2104 ῥῆξις
380 2021 480 2104 νεφῶν
494 2016 629 2101 γίνηται·
655 2026 710 2100 τῆς
732 2023 792 2103 γὰρ
813 2021 1032 2104 παρακειμένης
1054 2016 1157 2091 αὐτοῖς
1172 2013 1306 2102 γεώδους
1320 2012 1375 2079 οὖ-
1384 2018 1415 2075 15

281 2121 352 2195 σίας
366 2119 568 2206 ἓξαφθείσης,
599 2119 634 2185 τὸ
659 2122 794 2208 ἐξαφθὲν
816 2119 876 2185 ὑπὸ
899 2128 954 2205 τῆς
978 2121 1068 2209 ῥιπῆς
1090 2120 1138 2183 ἐπὶ
1153 2119 1208 2200 τὴν
1228 2124 1285 2204 γῆν
1298 2117 1377 2199 μετὰ

281 2220 381 2308 ῥοίζου
398 2223 521 2308 φίρεται
529 2271 538 2301 ,
560 2225 609 2288 καί
625 2221 663 2287 ἂν
677 2225 733 2307 μίν
746 2221 827 2309 ὑγρὰ
842 2222 981 2308 τυγχάνει
998 2222 1071 2288 ὄντα
1085 2222 1124 2287 τὰ
1136 2222 1232 2309 νίφη,
1258 2218 1325 2303 ἅμα
1339 2227 1377 2306 τῇ

281 2332 445 2413 καταφορᾷ
461 2326 636 2407 σβίννυται,
670 2329 697 2392 εί
710 2328 742 2391 δι’
757 2328 960 2413 γεωδίστεροι,
992 2328 1159 2412 πυροειδῶς
1173 2326 1376 2406 ε’κθλίβονται.

281 2423 338 2491 δίο
356 2428 390 2493 δὲ
407 2426 471 2510 είδη
488 2436 641 2516 κεραυνῶν
657 2426 735 2499 εἷναί
747 2455 842 2519 φασιν
848 2479 859 2510 ,
893 2420 935 2495 ῶν
950 2425 967 2493 ὃ
981 2430 1037 2511 μίν
1057 2427 1128 2504 ὀξὶς
1144 2429 1196 2489 καί
1210 2426 1309 2508 μανὸς
1326 2426 1376 2488 καὶ

281 2525 429 2617 διάπυρος
444 2530 539 2615 ἀργὴς
555 2529 749 2616 ὀνομάζεται,
785 2531 801 2598 ὃ
817 2535 851 2598 δὲ
861 2531 980 2617 βραδδς
993 2532 1045 2594 καί
1059 2525 1220 2612 καπνῶδης
1232 2524 1415 2611 pollicari)

282 2634 334 2697 uui
359 2630 376 2698 ὅ
397 2634 454 2716 μίν
475 2634 527 2699 διὰ
549 2633 604 2719 τὴν
626 2635 793 2718 λεπτότητα
799 2682 810 2714 ,
844 2637 896 2701 καί
912 2636 982 2722 πρὶν
996 2635 1170 2720 ἐκπυρῶσαι
1175 2680 1187 2712 ,
1212 2628 1377 2721 φερόμενος

351 2842 385 2895 1⁰
400 2841 602 2917 ίνννοκήσονοι
617 2846 695 2903 libri:
712 2846 825 2902 mutavit
839 2846 998 2902 Roetherus.

282 3048 354 3086 moro
381 3029 514 3097 nutritus)
545 3038 572 3083 et
601 3027 793 3101 ἅρσενόθηλυς
823 3035 860 3100 (i.
880 3055 905 3089 e.
932 3033 1058 3087 masculus
1081 3033 1205 3086 simulet
1228 3031 1376 3097 semineus)

281 3108 391 3154 vocatus
412 3108 454 3152 est
474 3118 490 3152 a
513 3100 643 3165 Graecis,
666 3103 848 3156 ivnorantibus
871 3104 922 3156 illis
938 3107 971 3156 de
987 3122 1019 3155 eo
1042 3102 1248 3170 philosophiam,
1273 3102 1376 3170 etquis

282 3170 380 3222 luerit:
408 3170 450 3221 hic
473 3167 541 3221 enim
561 3177 602 3222 est
622 3170 730 3239 spiruus
752 3171 867 3237 culinus,
890 3172 936 3238 qui
952 3189 985 3223 ex
1002 3172 1071 3222 omui
1087 3172 1271 3238 procreatione
1288 3172 1375 3222 cuius·

282 3256 334 3307 quo
358 3238 497 3293 animantis
525 3238 621 3307 spiritu
647 3238 759 3307 praediti
783 3239 947 3307 componitur
973 3240 1006 3291 ad
1030 3239 1227 3305 generationem
1242 3250 1321 3305 atque
1336 3237 1374 3288 iu·

282 3317 441 3359 crementum
459 3307 571 3359 omnium
593 3324 660 3375 quae
681 3307 708 3359 iu
733 3309 827 3359 mundo
851 3316 922 3358 suut.
955 3304 1138 3372 μηροτρυφής
1159 3316 1246 3357 alitem
1268 3316 1376 3357 vocatus

260 3428 262 3433 ,
283 3384 334 3440 est,
351 3377 561 3445 quandoquidem
577 3376 604 3427 iu
618 3375 771 3428 membranis
786 3375 853 3428 etin
869 3375 970 3443 augulis
986 3374 1145 3442 genitalibus
1161 3384 1189 3428 et
1206 3374 1291 3440 venis,
1309 3391 1376 3443 quae

281 3443 309 3495 in
327 3446 469 3498 semoribus
483 3454 561 3511 sunu,
587 3445 715 3498 inhabitat
728 3444 855 3497 eiusmodi
870 3443 985 3496 essentie
1001 3443 1084 3495 omnis
1097 3442 1252 3510 animantis,
1274 3460 1308 3495 ex
1325 3458 1377 3512 quo

281 3522 404 3565 constant
421 3515 554 3566 universa.
572 3508 763 3580 α’ρρενόθηίυς
776 3521 863 3567 aulem
876 3514 962 3567 dietus
975 3521 1025 3580 est,
1044 3512 1165 3581 quoniam
1183 3513 1254 3565 fetus
1271 3511 1376 3565 maseuli

282 3580 357 3634 simul
371 3590 399 3632 et
412 3584 518 3635 feminei
533 3584 599 3635 hunt
616 3585 683 3649 duo,
708 3583 821 3636 mascula
839 3602 874 3639 an
885 3582 999 3635 lemiuea
1015 3589 1121 3648 natura,
1144 3599 1194 3633 noe
1211 3590 1253 3635 est
1269 3580 1375 3633 alterum

282 3651 317 3702 ab
340 3647 423 3701 altero
447 3654 518 3718 quod
542 3651 627 3721 possit
643 3652 769 3720 gignere,
796 3651 847 3703 nisi
862 3652 974 3705 coierint
988 3663 1017 3704 et
1032 3652 1222 3721 progenuerint
1237 3648 1377 3702 animantia

282 3720 317 3772 ab
335 3717 384 3771 hoc
402 3730 502 3771 creatua
536 3732 564 3774 et
579 3720 676 3774 resolvi
697 3737 753 3773 eum
772 3730 931 3773 censuerunt
948 3728 975 3773 ot
991 3737 1081 3774 rursus
1099 3716 1188 3785 nasci,
1213 3716 1375 3788 quandoqui-

284 3788 343 3841 tlem
367 3794 395 3838 et
418 3805 450 3839 ea
476 3804 544 3854 quae
568 3809 601 3842 ex
617 3790 661 3841 illo
679 3798 835 3858 noscuntur,
860 3789 980 3843 similiter
997 3789 1056 3843 siue
1073 3788 1266 3842 intermissione
1283 3801 1375 3839 consu-

283 3864 389 3910 muntur
405 3865 432 3907 ot
444 3872 534 3908 rursus
550 3868 717 3924 generantur.

351 3926 396 3978 96.
431 3922 551 3976 Fulmina
564 3927 713 3997 philosophi
733 3926 848 3981 existere
863 3925 968 3993 dicunt,
992 3942 1050 3978 cum
1064 3926 1259 3993 disrumpuntur
1280 3923 1377 3974 ntrbesz

285 3992 432 4050 substantia
449 3992 517 4044 enim
533 4003 648 4059 terrena,
666 4012 733 4063 quae
747 3998 780 4049 iis
794 3996 909 4048 edruixta
922 4005 978 4062 est,
996 3995 1113 4060 incensa,
1131 4013 1163 4048 ea
1178 4009 1239 4060 pars
1255 4008 1322 4059 quoe
1336 3990 1377 4043 in-

285 4082 365 4118 censa
382 4072 423 4115 est
440 4062 538 4130 impetu
555 4079 603 4113 suo
627 4063 654 4113 iu
673 4074 770 4116 terram
790 4082 847 4118 cum
867 4065 981 4134 strepitu
1000 4066 1129 4117 delentur.
1169 4071 1249 4127 utque
1267 4059 1290 4111 si
1309 4060 1378 4112 forte

284 4132 405 4186 humidae
422 4134 504 4184 nubes
521 4140 591 4197 sunt,
609 4130 636 4181 iu
654 4130 712 4199 ipso
730 4149 792 4183 casu
812 4134 1022 4200 exstinguuntur,
1046 4133 1088 4185 sin
1107 4147 1169 4181 vero
1193 4128 1277 4197 satagis
1293 4139 1377 4181 terre-

285 4220 345 4268 nae,
364 4203 457 4269 igneae
471 4201 611 4252 eliduntur.
646 4202 697 4252 duo
714 4210 800 4251 etitem
818 4201 951 4253 fulminum
968 4217 1137 4285 gerreraesse
1150 4198 1253 4263 dicunt,
1270 4216 1378 4267 quorum

285 4271 404 4339 alterum,
419 4288 479 4321 acre
494 4278 522 4323 et
537 4286 622 4320 rorum
638 4277 717 4337 atque
734 4268 847 4337 igneum,
863 4287 999 4331 κεραυνος
1013 4265 1099 4335 οίργής
1115 4268 1148 4326 ti.
1163 4286 1189 4319 e.
1203 4267 1300 4319 lulmen
1316 4286 1379 4320 can·

285 4340 387 4406 didum)
408 4348 532 4405 vocatur,
550 4339 673 4403 ultorum,
694 4337 790 4389 lentum
807 4346 835 4389 et
850 4339 992 4404 salinosum,
1011 4334 1146 4402 κεραυνὸς
1162 4339 1277 4403 wolone
1294 4337 1332 4401 (ἰ.
1352 4355 1376 4389 e.

285 4407 382 4461 fulmen
397 4410 569 4477 flammeum);
587 4416 616 4462 ot
628 4406 737 4462 alterum
755 4413 865 4477 propter
882 4406 1018 4461 imitatem
1034 4406 1086 4460 iam
1103 4406 1177 4478 prius
1195 4422 1272 4476 qoam
1289 4406 1377 4459 iucen-
