3125 4959
570 437 629 504 DE
652 436 862 504 MENSIBUS
879 435 940 505 IV.
1251 432 1303 505 95

204 608 255 675 καλ
278 603 426 695 ἱερωσύνη
451 602 658 691 κοσμούμενος
680 610 755 694 (καλ
778 608 840 697 γὰρ
860 605 1005 696 ποντίφεξ
1024 596 1082 692 ἦν,
1106 606 1196 674 οἱονεί
1207 630 1304 694 γεφυ-

203 721 292 799 ραῖος
316 710 472 799 ἀρχιερεύς
485 710 507 794 ἢ
521 710 686 799 θεουργός,
712 712 765 778 όιιλ
778 713 834 796 τὴν
850 711 883 790 l}
894 712 1075 799 Ἀφροδίτης
1088 708 1233 799 σειρόν),
1253 706 1304 774 εύ-

204 814 268 902 ριλν
283 813 336 878 τόν
351 816 513 879 Itonaeos
525 822 608 899 μῆνα
623 816 679 899 τὴν
693 817 899 903 προσηγορίαν
913 814 1093 898 μετίβαλεν,
1113 813 1152 878 ού
1175 811 1228 878 όιιλ
1249 811 1305 897 τὴν

204 923 261 983 τοῦ
283 916 422 1003 ἀριθμοῦ
440 914 535 999 μόνον
557 918 748 1003 τελειότητα,
773 918 854 984 ἀλλὰ
876 920 928 983 καλ
949 916 1001 982 όιελ
1021 914 1058 983 τό
1079 914 1172 981 αύτόν
1194 915 1306 981 ἓνεῖνον
1321 938 1350 991 p·
1368 918 1420 974 11⁰

181 1020 285 1085 5xuui
301 1020 357 1103 τὴν
372 1019 431 1107 πρὸ
446 1016 601 1108 τεσσόρων
617 1025 707 1087 ελόολν
722 1028 777 1087 τοῦ
789 1020 887 1106 μηνός
900 1016 1010 1087 τούτου
1025 1026 1183 1103 τεχθῆναι.
1222 1021 1306 1083 Καΐ-

205 1148 267 1211 σαρ
290 1123 323 1187 όί
342 1120 511 1208 ὠνομάσθη
533 1123 570 1189 ού
591 1122 699 1202 καθώς
712 1150 807 1211 φασιν
819 1124 848 1189 oi
864 1124 1005 1203 παλαιοί,
1031 1122 1064 1188 λιι
1080 1129 1136 1207 τῆς
1150 1118 1307 1206 ἀνατομῆς

205 1233 262 1311 τῆς
274 1224 408 1313 γαστρός
421 1226 583 1315 Αὐρηλίας
595 1234 649 1311 τῆς
662 1227 758 1293 αὐτοῦ
769 1224 905 1315 μητρός,
930 1219 968 1311 ἧς
978 1230 1076 1310 δῆθεν
1089 1221 1307 1308 ἀποθανούσης

206 1326 370 1415 ἐγκύμονος
380 1328 472 1395 αὐτόν
484 1330 712 1416 ἀνατμηθείσης
724 1332 837 1415 ίκείνης
850 1336 1020 1419 ληφθῆναι,
1044 1328 1116 1395 ἀλλ’
1133 1327 1231 1404 οὕτως
1245 1326 1306 1410 ἔχει

206 1433 246 1499 τιλ
269 1439 330 1499 τῶν
351 1433 501 1519 ἱστοριῶν.
552 1435 600 1499 hat
623 1441 680 1501 τού
705 1437 881 1499 Φοινικικοῦ
903 1433 1054 1516 πολίμου,
1080 1429 1129 1498 ὅτε
1155 1427 1307 1517 όΣύφιιξ

166 1535 326 1625 λθἈννίβρ
345 1532 524 1619 συνεμάχει,
550 1538 666 1623 λίγεται
685 1534 779 1602 Γάϊον
794 1535 958 1602 Ῥουτίλιον
983 1531 1152 1621 (πρόγονος
1167 1536 1201 1598 (il
1216 1524 1307 1608 οὗτος

209 1638 338 1713 παλαιός
357 1646 402 1725 τῷ
426 1640 584 1726 Καίσαρι)
611 1642 642 1705 ἓν
656 1640 735 1726 αὐτῇ
750 1645 790 1725 τῇ
804 1637 970 1725 παρατάξει
986 1636 1161 1719 μαχόμενον
1171 1632 1306 1720 τοσαύτη

209 1738 335 1821 ιλυνιίμει
360 1741 517 1825 ἐπαφεῖναι
538 1741 573 1806 τό
594 1738 670 1828 δόρυ
691 1742 770 1806 κατὰ
788 1748 843 1805 τοῦ
859 1743 1064 1826 Μαυρουσίου
1081 1738 1158 1805 ὥστε
1172 1737 1226 1802 τόν
1241 1738 1306 1802 ε’λί-

211 1867 312 1928 φαντα
320 1888 330 1918 ,
356 1833 382 1930 ᾦ
395 1843 535 1925 ἐπωχεῖτο
551 1841 569 1907 ὃ
586 1845 744 1925 πολίμιος,
769 1849 968 1925 καταβαλεῖν,
994 1841 1134 1907 κάκεῖθεν
1151 1840 1208 1924 τὴν
1224 1840 1307 1904 Καί-

210 1970 307 2029 σαρος
331 1944 503 2026 ε’πτονυμίαν
528 1951 648 2029 λαβεῖν,
674 1947 737 2011 ε’πελ
758 1944 845 2032 παρὰ
864 1947 999 2023 Φοίνιξιν
1017 1941 1034 2009 ὅ
1052 1944 1164 2029 ε’λέφας
1179 1942 1215 2005 τό
1231 1944 1308 2028 ζῷον

168 2050 204 2105 15
213 2058 323 2130 καῖσαρ
339 2047 463 2128 λέγεται.
516 2046 640 2131 Ου’όλης
658 2050 707 2124 λε’,
729 2044 763 2121 ὃς
781 2051 833 2110 καὶ
850 2047 941 2123 αύτιλς
955 2045 995 2109 τὰ
1009 2047 1167 2132 Καίσαρος
1182 2041 1309 2129 ἴγραψε,

213 2150 307 2235 φησὶν
327 2146 452 2233 ι’ίριστον
468 2146 524 2229 μὲν
537 2148 629 2213 αὐτόν
647 2151 697 2212 καλ
712 2147 961 2235 πρεπωδέστατον
975 2150 1008 2213 lv
1020 2148 1143 2233 μεγίθει
1156 2148 1309 2231 γενίσόαι,

213 2248 256 2315 ότι
279 2248 341 2333 μὴν
363 2250 413 2313 καί
433 2246 584 2333 κομήτην·
610 2249 664 2333 τὴν
679 2250 712 2314 δὲ
727 2243 826 2332 κόμην
843 2252 979 2336 πατρίως
996 2251 1026 2315 oi
1039 2248 1185 2333 Ῥωμαῖοι
1198 2245 1310 2315 καιοό-

213 2379 276 2439 ριεν
296 2348 571 2437 προσαγορεύουσι,
596 2353 651 2417 καί
664 2376 757 2440 φησιν
771 2349 814 2431 ὡς
830 2352 882 2417 διὰ
898 2353 932 2419 τὸ
948 2355 981 2430 ἓξ
996 2352 1092 2437 αὐτῆς
1105 2351 1217 2427 κόλλος
1228 2354 1311 2416 Καΐ-

212 2480 274 2542 σαρ
294 2450 543 2539 προσηγορεύετο.
594 2452 697 2539 κόριον
717 2455 752 2519 δὲ
771 2455 857 2544 αὐτῷ
873 2454 970 2539 ὄνομα
986 2458 1018 2519 Γ
1015 2452 1095 2533 «libe,
1115 2454 1262 2539 εὐγενείας
1277 2454 1312 2517 δὲ

169 2556 398 2642 Ξθσημαντικόν
419 2554 559 2636 Ἰούλιος,
591 2556 653 2623 ἀπὸ
672 2553 788 2623 Ἰούλου
811 2566 868 2625 τοῦ
889 2559 1015 2625 Αἰνείου
1046 2564 1103 2623 τού
1119 2558 1312 2646 Ἀφροδίτης,

214 2660 324 2747 ἀρετῆς
338 2660 371 2723 (ll
386 2656 403 2725 ὃ
418 2662 554 2747 Καῖσαρ.

318 2758 377 2830 64.
432 2762 596 2839 Θεοδόσιος
608 2758 625 2825 ὃ
636 2760 745 2849 μικρὸς
757 2763 936 2851 νεωτερίζων
948 2763 984 2830 τό
996 2769 1052 2849 τῆς
1059 2758 1266 2847 Ὀλυμπιόόος
1279 2760 1313 2826 ίκ

215 2870 277 2930 τῶν
286 2861 406 2950 χρόνων
420 2862 586 2947 ἀπήλειψεν
600 2864 706 2947 όνομα.

284 2992 303 3046 7
327 2984 517 3059 οἶσομειούσης
539 2990 581 3059 V,
604 2986 798 3060 όπομενούσης
817 2991 856 3061 P,
883 2987 1067 3059 οἷκομυούσης
1087 2990 1191 3046 Iaeobs.
1226 2991 1263 3044 ot.
1278 2988 1312 3045 de

284 3060 407 3129 Magistr.
423 3062 437 3113 1
454 3061 500 3115 23.
602 3061 638 3113 20
653 3060 705 3113 τού
722 3056 812 3129 hipp]
830 3060 909 3131 uulgo
922 3062 974 3130 τῆς
986 3056 1061 3129 ilipa.

217 3162 319 3213 honore
333 3162 489 3215 sacerdotali
503 3168 610 3216 ornatus
627 3169 685 3216 erat
700 3163 817 3230 (etenim
830 3165 951 3233 pontifex
966 3164 1031 3232 luit,
1048 3168 1191 3234 propterea
1210 3162 1281 3231 qnod
1298 3178 1315 3213 a

219 3232 325 3282 Venere
339 3231 464 3283 oriundus
481 3234 574 3297 erat),
590 3249 647 3283 curn
665 3232 828 3299 repperisset
844 3233 987 3294 Quintilem
1004 3249 1134 3297 mensem,
1151 3248 1244 3283 nomen
1257 3247 1315 3282 mu-

219 3299 303 3366 tavit,
329 3316 382 3351 non
402 3306 511 3368 propter
529 3300 630 3351 numeri
651 3300 732 3350 solum
753 3301 958 3368 perfectionem,
975 3317 1066 3355 verum
1082 3300 1160 3351 etiam
1173 3306 1316 3367 propterea

220 3370 292 3437 quorl
307 3367 365 3437 ipse
381 3384 407 3420 a.
421 3369 448 3420 d.
464 3365 482 3419 4
499 3367 561 3419 Idus
581 3366 656 3419 huius
670 3366 766 3419 mensis
780 3376 856 3420 natus
870 3374 921 3421 est.
957 3367 1057 3420 Caesar
1070 3376 1156 3419 autem
1169 3366 1315 3419 nominatus

222 3446 276 3504 est,
293 3455 345 3489 non
360 3444 389 3488 ut
401 3444 506 3490 veteres
520 3436 624 3502 dicunt,
644 3455 676 3489 ex
690 3435 849 3489 dissectione
862 3436 964 3489 ventris
978 3437 1100 3489 Aureliae
1116 3435 1206 3489 matria
1224 3435 1316 3504 ipsius,

221 3524 274 3576 qua
287 3504 414 3557 moriente
427 3505 537 3573 gravida
551 3504 636 3575 ipsum
652 3506 765 3558 dissecta
780 3506 825 3558 illa
840 3514 990 3573 susceptum
1008 3507 1112 3572 ferunt,
1128 3506 1177 3557 sed
1199 3504 1256 3570 (ita
1268 3504 1315 3555 ha-

221 3578 287 3629 hent
303 3574 448 3639 historiae)
466 3574 534 3626 bello
548 3573 665 3641 Punico,
688 3590 745 3625 cum
764 3574 875 3646 Syphax
889 3574 1032 3626 Hannibali
1051 3574 1137 3627 socius
1154 3572 1218 3626 belli
1235 3579 1316 3637 esset,

223 3645 308 3696 Gaius
329 3642 443 3695 Rutilius
461 3644 531 3709 (fuit
546 3652 631 3695 autem
646 3644 688 3694 hic
703 3659 769 3696 unus
788 3662 804 3694 e
820 3642 956 3695 veteribus
970 3644 1093 3695 Caesaris
1107 3641 1268 3709 maioribus)
1287 3640 1317 3692 in

223 3713 283 3781 ipsa
297 3711 355 3765 acio
374 3729 493 3782 pugnans
507 3718 579 3763 tanta
597 3712 624 3763 vi
644 3711 746 3764 misisse
762 3712 874 3764 iaculum
897 3720 991 3764 eontra
1006 3712 1126 3765 Maurum
1149 3710 1262 3777 dieitur,
1287 3716 1318 3761 ut

225 3781 403 3851 elephantem,
418 3798 470 3849 quo
484 3781 629 3833 vehebatur
641 3781 742 3847 hostia,
757 3785 890 3833 sterneret
902 3780 987 3847 humi,
1005 3788 1033 3834 et
1049 3782 1111 3834 inde
1128 3780 1251 3833 Caesaris
1270 3796 1317 3830 co-

224 3868 336 3919 gnomen
350 3850 500 3918 accepisse,
523 3850 731 3920 quandoquidem
749 3851 819 3917 apud
832 3848 936 3902 Poenos
957 3850 1064 3933 elephas
1083 3849 1204 3917 (hestia)
1226 3864 1318 3902 ταωστ

224 3919 331 3983 dieitur.
365 3918 462 3971 Valens
477 3936 556 3985 vero,
581 3919 627 3987 qui
644 3930 672 3974 ot
688 3920 746 3989 ipse
760 3919 882 3971 Caesaris
896 3937 941 3973 res
953 3920 1076 3989 scripsit,
1093 3920 1179 3971 refert
1194 3917 1318 3987 pulcher-

224 3988 291 4042 rima
310 4004 369 4040 eum
385 3996 413 4041 et
428 4005 527 4041 summe
543 3990 638 4057 decora
654 3987 832 4057 magnitudine
850 3989 947 4056 fuisse,
972 3997 1001 4041 et
1015 4005 1079 4040 vero
1094 3987 1172 4040 etiam
1190 3995 1319 4038 comatum

226 4059 341 4123 (comam
358 4064 445 4111 autem
460 4057 546 4125 patrio
562 4074 681 4114 sermone
698 4057 810 4110 Romani
826 4058 967 4111 caesariem
982 4057 1114 4127 appellant
1151 4073 1261 4126 eumque
1275 4054 1321 4106 di·

225 4126 263 4179 eit
279 4134 388 4196 propter
404 4125 621 4195 pulchritudinem
643 4129 703 4181 inde
726 4128 871 4195 prolectam
891 4128 1032 4180 Caesarem
1049 4142 1117 4196 appe
1128 4126 1206 4177 latum
1223 4124 1316 4177 fuisse.

226 4196 358 4263 proprium
370 4213 434 4248 vero
446 4195 471 4247 ei
483 4212 577 4248 nomen
588 4196 680 4261 Gaius,
704 4195 847 4249 nobilitatis
860 4197 976 4249 indicans
988 4196 1079 4265 Iulius,
1097 4198 1131 4249 ab
1143 4195 1200 4247 Iulo
1211 4196 1318 4247 Aeneae

231 4262 338 4317 Veneris
350 4263 418 4331 lilio,
440 4264 546 4318 virtutis
557 4272 642 4317 autem
654 4268 764 4319 Caesar.

294 4335 337 4386 64.
373 4333 541 4387 Theodosius
562 4335 664 4391 Parvus
686 4352 789 4389 novans
811 4331 976 4404 Olympiadis
1001 4351 1034 4388 ex
1055 4340 1201 4404 temporum
1215 4329 1317 4385 ‹leseri-

227 4400 318 4470 ptione
328 4402 427 4458 delevit
438 4420 541 4456 nomen.
