3125 4959
238 440 318 489 xnvr
344 418 453 489 lassu
477 420 535 488 DE
558 418 718 491 IOANNE
741 418 860 488 tino
886 417 1229 489 COMMENTARIUS.

238 620 396 683 delitescit.
437 638 500 679 non
522 617 605 701 qnod
628 638 733 680 verear
748 638 788 677 ue
805 616 905 678 nudus
916 616 995 699 Lydi
1006 627 1108 680 textus
1121 616 1216 679 domis
1228 614 1329 677 homi·-

236 726 327 785 nibus
346 742 409 783 non
429 720 577 782 iucundus
598 724 637 781 sit
656 722 791 796 futurus,
812 722 862 781 vel
877 718 960 802 quod
972 732 1077 799 putem
1089 723 1235 781 iuveniles
1244 738 1329 780 meos

238 835 361 886 conatus
379 845 445 885 esse
465 828 559 885 tanti:
580 823 635 885 ced
654 834 687 885 ut
708 842 812 883 omnes
832 824 1002 901 intelligant
1017 824 1202 883 elaboratum
1218 843 1283 883 esse
1296 825 1330 880 in

237 930 296 989 ista
315 928 515 1009 qualicunque
536 946 643 1007 opera,
672 937 705 986 ut
725 926 898 985 liberalitati
919 926 1115 985 illustrissimi
1133 927 1274 1001 fautoris,
1301 925 1330 985 si

237 1033 339 1091 minus
359 1032 465 1091 ceteris
483 1030 586 1104 rebus,
608 1026 763 1107 diligentia
778 1038 858 1089 certa
871 1026 1111 1117 responderetur.
1150 1049 1248 1111 neque
1258 1048 1330 1093 vcro

238 1135 267 1193 si
280 1153 340 1215 qua
351 1143 421 1194 suut
435 1134 468 1191 in
482 1131 559 1189 libro
573 1128 612 1189 de
626 1131 756 1189 Ostentie
767 1131 868 1191 miuus
882 1132 1024 1210 perfecta,
1037 1132 1115 1191 sicut
1125 1141 1204 1207 suut,
1224 1133 1330 1190 iccirco

237 1236 275 1295 ab
297 1236 352 1295 illo
373 1232 489 1294 edendo
514 1231 694 1304 deterrebor.
735 1249 808 1290 nam
830 1242 863 1291 nt
885 1235 1025 1292 univerae
1036 1231 1141 1314 Lydus
1154 1234 1279 1292 minime
1291 1234 1332 1298 sit

239 1358 310 1397 cnm
319 1340 444 1398 summis
459 1354 567 1395 aureae
578 1336 683 1393 aetatis
695 1336 865 1421 auctoribus
878 1333 1112 1415 comparandus,
1132 1336 1171 1395 iis
1185 1344 1263 1393 certe
1275 1332 1333 1391 ad-

238 1437 441 1499 numerandus
454 1448 500 1497 est
513 1439 566 1519 qui
577 1438 668 1496 totius
681 1435 856 1497 eruditionis
870 1440 1028 1520 antiquae,
1049 1439 1134 1500 cuius
1144 1457 1201 1498 nos
1212 1436 1333 1517 perexi-

239 1562 347 1622 guam,
368 1543 535 1601 maximam
547 1537 698 1598 habebant
710 1539 896 1601 facultatem.
938 1542 1048 1624 quibus
1060 1543 1093 1599 in
1104 1540 1272 1601 auctoribus
1283 1539 1334 1597 ni·

239 1642 286 1703 hil
300 1645 363 1704 fere
377 1655 441 1704 tam
455 1644 657 1722 levatumque
671 1643 751 1701 exile
765 1653 818 1702 ant
829 1652 920 1703 tenue
932 1645 1056 1724 reperiri
1067 1653 1157 1725 puto,
1175 1640 1257 1724 quod
1272 1658 1334 1699 non

238 1748 366 1808 alicrdus
389 1742 551 1828 aliquando
573 1747 719 1804 momenti
737 1764 822 1822 esse,
842 1744 961 1828 quodve
980 1757 1060 1807 recte
1079 1766 1149 1806 cum
1161 1746 1228 1805 aliis
1240 1744 1334 1803 colla·

94 1872 123 1927 p.
138 1869 229 1913 nxm
239 1858 305 1907 tum
326 1868 388 1907 aon
411 1849 546 1928 aliquam
566 1850 724 1908 vetustatis
740 1858 858 1928 partem
872 1868 949 1909 nova
962 1849 1030 1909 luce
1044 1850 1216 1909 collustrare
1229 1847 1334 1927 possit.

242 1948 318 2031 quid
337 1947 420 2030 quod
439 1947 533 2026 mihi,
554 1950 587 2008 in
600 1946 699 2009 studia
712 1946 789 2009 haec
800 1960 902 2018 nostra
914 1953 1059 2027 intuenti,
1080 1947 1228 2011 eiusmodi
1240 1949 1335 2007 libro-

240 2072 310 2113 rum
324 2049 433 2126 editio,
453 2054 481 2111 si
495 2054 548 2132 qui
562 2049 661 2111 adhuc
674 2051 785 2127 latent,
805 2050 846 2111 ad
856 2071 907 2113 cos
920 2056 1127 2135 potisoimum,
1148 2052 1253 2113 ubiubi
1264 2052 1334 2127 siut,

241 2153 361 2217 videtur
375 2152 532 2234 pertinere,
551 2155 661 2235 quibus
669 2152 804 2213 custodia
817 2154 955 2216 codicum
965 2158 1236 2235 manuscriptorum
1246 2173 1336 2213 man-.-

242 2256 316 2325 data
340 2266 396 2316 est.
439 2257 482 2316 sio
504 2257 586 2314 enim
606 2258 763 2333 existimo,
787 2278 933 2338 magnum
953 2280 1018 2321 esse
1038 2261 1072 2319 in
1091 2260 1185 2319 literis
1205 2258 1336 2332 Graecis,

243 2370 334 2441 atque
350 2356 425 2419 adeo
440 2359 628 2436 maximum,
647 2370 764 2420 veteres
778 2360 937 2421 emendare
952 2362 1091 2441 ingenio,
1112 2362 1264 2441 explicare
1279 2356 1337 2417 do·

244 2465 357 2538 ctrina,
378 2472 516 2521 naturam
533 2463 679 2541 carmonis
697 2466 887 2543 pericrutari.
929 2476 1016 2524 acuta
1029 2474 1131 2524 tamen
1146 2462 1266 2541 ingenia
1282 2478 1337 2517 us·

243 2582 424 2647 quequaque
446 2562 522 2624 haec
546 2575 681 2644 possunt.
722 2567 776 2625 illa
797 2585 885 2644 vero,
905 2568 1074 2647 fragmenta
1093 2562 1208 2623 inedita
1222 2579 1337 2642 eruere,

242 2668 431 2745 glossatores,
452 2664 638 2742 scholiastes,
655 2679 791 2728 auctores
804 2666 994 2728 secumdarioc
1008 2667 1215 2727 delitescentes
1228 2682 1337 2745 quam-

242 2771 389 2847 plurimos
407 2771 440 2828 in
458 2767 558 2826 lucem
577 2766 745 2843 vindicare,
767 2766 922 2849 doctisque
941 2765 1115 2828 hominibus
1130 2769 1174 2827 sic
1189 2784 1269 2825 nora
1280 2760 1338 2822 ad-

242 2871 376 2929 iumenta
398 2881 582 2951 comportare
606 2868 646 2927 ad
669 2870 826 2927 universae
847 2871 1004 2929 vetustatis
1023 2868 1271 2948 intelligentiam,
1301 2883 1337 2922 ea

242 2973 308 3031 siue
321 2968 458 3030 codicum
471 2974 558 3052 copia
569 2988 658 3030 aterno
671 2980 780 3050 potest.
823 2968 882 3029 lrae
894 2974 1054 3052 praecipue
1067 2982 1138 3031 sunt
1149 2969 1256 3048 opinor
1267 2985 1339 3045 par·

243 3084 289 3135 tes
308 3084 442 3148 nostrae,
469 3092 577 3149 parum
596 3071 744 3133 iucundae
764 3074 906 3149 fortasse,
934 3071 989 3133 sed
1006 3074 1111 3133 utilesx
1132 3070 1241 3151 quibus
1258 3076 1338 3127 recte

243 3177 317 3235 actis
331 3187 360 3233 et
375 3177 446 3234 satis
457 3174 555 3233 officio
569 3185 670 3233 nostro
684 3178 799 3236 factum
809 3195 875 3239 esse
886 3185 970 3257 puto,
990 3185 1022 3237 et
1034 3173 1153 3235 abunde
1164 3172 1340 3253 praestitum

243 3277 459 3339 existimationi
475 3278 614 3360 vitaeque
628 3287 759 3338 nocuae.
