3125 4959
255 405 330 477 288
658 409 828 478 IOANNIS
853 411 956 480 LYDI

254 566 319 648 ἕως
341 570 410 637 τάν
433 565 634 655 Ἠρααλίους
654 576 783 659 στηλεάν
803 571 942 660 πόλεμος
961 577 1010 636 καί
1030 575 1150 639 άτιίλεια
1172 579 1249 641 ἔσται
1269 603 1349 659 τερα-

253 670 424 757 τευμάτων
444 675 501 742 ιιαί
521 673 617 759 λιμός
636 680 692 742 καί
712 674 852 757 πτώσεις
874 684 942 746 τῶν
961 681 1191 766 βοσκημάτων.
1217 692 1244 743 ελ
1257 689 1288 745 σὲ-
1304 689 1350 748 ἐπὶ

216 843 217 846 ,
253 776 305 833 τόν
327 779 450 860 Βοώτην
470 776 580 857 νεύοι,
601 776 704 860 πράος
722 775 837 865 άπηιὶς
857 780 934 866 άηρι
954 779 1134 863 Εὐξείνου,
1159 786 1216 854 καὶ
1235 795 1350 873 xcruci-

253 896 308 953 νες
330 872 445 962 άήθεις
464 878 725 967 ἐπιηεθήσονται,
744 885 801 949 ναί
820 882 971 970 πολέμιοι
987 888 1275 972 ααταδραμοάνται
1288 890 1350 976 τήν

252 975 375 1063 χάραν.
418 981 475 1048 καί
504 983 567 1068 τήν
592 982 653 1070 μὲν
681 980 787 1069 άρηήν
812 983 1098 1074 ἐλαττωθήσονται
1126 992 1161 1055 οἱ
1187 989 1374 1077 ίμχοίριοιισ

253 1079 426 1167 δυνάμεως
446 1082 484 1152 d’
502 1084 643 1171 ὕστερον
663 1086 904 1175 συντρεχούσης
925 1086 968 1157 οὐ
987 1087 1095 1175 μόνον
1109 1088 1351 1178 ἡττηθήσονται

252 1186 286 1252 οἱ
306 1184 469 1272 πολέμιοι,
501 1183 585 1257 άλλά
611 1188 668 1255 καὶ
699 1186 898 1276 αἰχμάλωτοι
926 1194 962 1259 oi
984 1190 1142 1280 ἡγεμόνες
1170 1191 1283 1261 αὐτοῖν
1312 1194 1351 1264 ἐν

251 1289 383 1371 δεσμοῖς
404 1288 545 1357 ἔσονται.
596 1286 666 1358 alca
687 1290 798 1358 ἐκεῖθεν
817 1292 871 1359 ἐπί
888 1297 1095 1381 μεσημβρίαν
1114 1301 1352 1382 „scemenum

252 1388 431 1477 domnione
449 1390 602 1475 στρατός,
634 1393 691 1461 ναί
717 1398 787 1461 τείν
814 1393 874 1462 ter
900 1396 1047 1471 ἀνθέξεται
1071 1401 1211 1481 πόλεων,
1238 1399 1294 1466 καί
1320 1401 1350 1459 ἐν

250 1495 397 1574 ἐπαίνοις
423 1494 530 1562 ἔσται·
565 1494 622 1563 atel
651 1494 732 1563 αάτά
760 1496 798 1564 di
827 1494 869 1565 τά
899 1506 978 1567 θεῖα
1006 1503 1243 1581 καταλείψουσι
1270 1502 1394 1582 rodeli)

249 1600 429 1683 πολεμίους
472 1596 540 1657 ὥστε
579 1600 614 1664 ἐκ
647 1606 792 1683 περισσοῦ
827 1607 1052 1688 προστεθῆναι
1086 1612 1156 1683 τοῖς
1192 1612 1350 1690 νινηταῖς.

248 1706 396 1769 τοσαῦτα
412 1697 454 1768 τά
472 1703 680 1786 σημαινόμενα,
704 1700 780 1771 ὅταν
795 1700 887 1780 ω’νρόι
901 1714 1035 1780 φαίνηται
1049 1707 1065 1768 ό
1080 1703 1188 1784 inanis
1201 1709 1350 1790 μετρίως·

248 1802 326 1887 ὅταν
346 1807 377 1865 el
398 1800 475 1871 καθ’
499 1800 627 1888 ὁμαλοῦ
652 1801 845 1890 είχρόταεοε,
876 1807 1028 1889 ἐξωτικόν
1052 1808 1114 1896 μὲν
1135 1806 1200 1876 οὐκ
1220 1806 1348 1883 άπειλεῖ,

248 1906 400 1981 ἐμφυλίους
420 1904 457 1974 di
478 1904 596 1993 φράζει
616 1906 799 1993 πολέμους,
826 1906 890 1978 οὐκ
911 1906 1059 1988 ἐλάττους
1079 1916 1147 1977 τοῖν
1166 1908 1252 1995 πρὸς
1271 1910 1349 1989 τοάς

162 2025 166 2032 ·
247 2008 363 2089 ἔξωθεν
377 2008 575 2078 ἀπειλοῦντας
595 2013 647 2079 τάς
668 2008 864 2098 συμφοράς,
884 2011 942 2081 καί
961 2009 1004 2080 οὐ
1023 2016 1123 2081 τοῦτο
1144 2011 1251 2097 μόνον
1264 2010 1347 2079 άλλά
1355 2021 1391 2078 1⁵

248 2111 307 2179 παὶ
326 2110 514 2182 ἐλάττωσιν.
548 2112 652 2191 [ἐκείνῳ
674 2116 854 2188 diuellere
873 2116 1094 2199 προσεκτέον,
1128 2112 1174 2193 ὦς
1201 2113 1255 2181 ἐπὶ
1273 2111 1349 2200 χρά-

247 2236 311 2279 νον
332 2214 553 2301 φαινόμενος,
586 2211 633 2293 τάς
661 2217 803 2302 είρηται,
831 2218 880 2283 ἐπί
907 2219 963 2274 τὸν.
985 2214 1131 2293 γαλαξίαν
1160 2213 1349 2302 (οὐδὲγάρ

246 2313 330 2399 πρὸς
359 2314 523 2393 άνατολάς
551 2314 634 2400 ὑπὲρ
655 2315 714 2394 τάς
732 2316 814 2383 ἑπτά
836 2314 1018 2402 φανήσεται
1037 2314 1154 2400 ήμίρας
1174 2318 1191 2380 ὁ
1211 2326 1348 2397 εοωῦτος

247 2412 385 2503 ἀστήρ),
424 2415 521 2503 ράνια
541 2416 582 2486 τά
601 2414 702 2501 aaut,
732 2418 818 2504 πρός
838 2416 967 2506 βραχύν
988 2415 1024 2485 di
1044 2416 1176 2502 καιρόν,
1198 2420 1347 2502 ἐπίκαιρα

244 2526 381 2591 σημαίνει.
1351 2536 1389 2591 2⁰

334 2626 384 2686 13.
426 2621 624 2708 Κομήτης
651 2622 806 2705 ξιφίας.
847 2616 933 2684 νάιος
961 2616 978 2676 ὁ
1007 2612 1111 2710 άστήρ
1143 2613 1345 2704 άναφίρεται

245 2720 306 2807 μὶν
322 2718 442 2815 Ἑρμῇ,
473 2719 535 2805 oriz
554 2714 657 2806 ήττον
678 2722 714 2788 di
734 2726 795 2788 τοῦ
815 2718 996 2802 προτέρου,
1027 2719 1209 2796 δολιωτέρας
1232 2719 1345 2804 μέντοι

245 2822 409 2910 ἐνεργείας
429 2829 581 2891 ποιεῖται.
623 2818 667 2891 άν
686 2824 736 2897 μὲν
755 2820 817 2907 γάρ
837 2820 893 2889 ἐπὶ
912 2822 971 2895 τήν
991 2816 1157 2909 άνατολήν
1177 2824 1289 2910 βλὲπη,
1310 2824 1346 2893 oi

310 3011 329 3065 3
342 3007 402 3063 νέοι
415 3008 448 3063 C.
554 2980 662 3079 ifipost
674 3002 823 3059 ἐλάττωσιν
836 3024 892 3059 vox
909 3006 1016 3061 videtur
1031 3004 1219 3078 praetermissa
1232 3023 1292 3061 esse
1309 3008 1342 3061 ab

310 3080 370 3149 ipso
387 3078 495 3135 librario
511 3078 557 3147 qui
573 3077 690 3131 codicem
707 3076 839 3129 exaravit.
873 3075 912 3129 Η.

244 3266 304 3303 num
321 3248 416 3300 fretum
429 3262 512 3314 usque
524 3244 620 3298 bellum
633 3250 662 3298 et
675 3243 823 3298 internecio
840 3244 894 3298 erit
907 3244 1050 3314 legionum,
1067 3244 1131 3301 item
1142 3247 1226 3300 fames
1243 3252 1270 3299 ct
1286 3246 1342 3300 lues

242 3318 382 3389 pecudum.
418 3316 459 3369 sin
483 3315 597 3368 declinat
620 3314 649 3367 in
666 3317 790 3381 Booten,
817 3314 903 3383 frigus
926 3315 1026 3376 immite
1049 3333 1132 3386 nsque
1155 3319 1188 3369 ad
1209 3316 1342 3374 Euxinum

243 3390 356 3440 Pontum
378 3392 407 3440 et
429 3393 599 3455 tempestates
622 3385 745 3437 insuetae
762 3382 895 3452 incident,
920 3385 1010 3437 hostes
1027 3384 1163 3439 incurrent
1179 3386 1341 3454 prouincias.

242 3474 276 3509 ac
293 3456 377 3524 primo
391 3455 496 3525 quidem
509 3452 692 3508 detrimentum
705 3452 838 3523 accipient
851 3453 1045 3522 provinciales,
1064 3464 1126 3522 post
1138 3464 1240 3521 autem,
1257 3454 1341 3523 copiis

242 3526 271 3577 in
288 3532 366 3577 unum
385 3524 619 3588 convenientibus,
644 3542 697 3575 non
720 3522 803 3575 solum
828 3526 1023 3591 superabuntur
1044 3523 1167 3592 barbari,
1192 3526 1240 3576 sed
1261 3524 1341 3576 duces

242 3594 321 3648 etiam
338 3611 426 3646 eornm
443 3592 542 3663 captivi
561 3593 626 3644 facti
644 3592 671 3644 in
692 3590 802 3644 vinculis
818 3600 905 3647 erunt.
941 3594 1069 3662 posthaec
1085 3592 1148 3645 iude
1163 3609 1284 3647 remeans
1297 3592 1338 3642 vi-

242 3672 301 3717 ctor
316 3663 446 3715 exercitus
460 3661 594 3715 meridiem
608 3678 700 3713 versus
717 3662 744 3712 in
758 3660 913 3714 civitatibus
928 3661 968 3713 ibi
986 3662 1045 3714 sitis
1062 3662 1160 3715 stativa
1176 3674 1258 3731 ponet
1274 3660 1339 3713 erit·

242 3750 295 3804 que
311 3732 339 3784 in
354 3732 441 3783 laude.
478 3731 553 3801 ipsae
570 3748 675 3800 queque
691 3731 846 3783 sanctitates
863 3729 1015 3799 relinquent
1030 3732 1137 3800 hostes,
1162 3742 1192 3784 ut
1206 3732 1234 3783 in
1250 3746 1339 3783 cumu-

190 3814 193 3819 ’
241 3802 295 3854 lum
312 3802 347 3854 ad
362 3801 478 3853 uictores
496 3818 661 3853 successurae.
688 3800 754 3853 haec
771 3798 962 3867 significantur,
980 3803 1084 3869 querulo
1101 3801 1269 3853 mediocriter
1282 3797 1338 3867 pal-

241 3870 310 3923 lidus
335 3870 424 3922 existit
449 3878 551 3921 coarcta
573 3870 710 3941 Hippeus=
745 3867 838 3937 quodsi
859 3877 930 3920 totus
950 3870 1125 3938 aequabiliter
1146 3868 1338 3939 pallidissimae,

241 3941 357 3993 barbara
373 3939 477 4009 quidem
491 3956 543 3989 uon
557 3939 679 4005 minatur,
696 3940 743 3992 sed
758 3937 848 3991 civilia
861 3937 963 3990 indicat
978 3940 1054 4006 bella,
1073 3958 1124 3992 non
1135 3940 1248 3991 mirmres
1261 3953 1338 4003 cpuam

242 4017 353 4061 externa
370 4009 481 4061 allatura
496 4007 669 4061 calamitates.
689 4027 773 4077 neque
787 4007 815 4059 id
828 4007 920 4074 solum,
934 4010 981 4060 aed
995 4010 1177 4061 detrimentum
1191 4022 1337 4075 ηνοιμιο...

240 4076 305 4129 illud
323 4095 386 4129 vero
405 4077 516 4129 maxime
532 4078 687 4143 notandum,
706 4084 849 4144 cometam,
866 4086 896 4130 ut
912 4077 1010 4130 ‹lictum
1026 4088 1076 4145 est,
1095 4079 1193 4132 diutius
1210 4075 1236 4126 in
1252 4073 1337 4125 lacteo

241 4145 340 4199 circulo
362 4156 529 4215 eorrspecturu
556 4146 609 4212 (ad
631 4147 759 4201 orientem
783 4146 851 4198 enim
874 4164 1004 4215 nunquam
1027 4149 1096 4203 ultra
1120 4155 1218 4216 septem
1236 4141 1337 4194 dierum

243 4216 356 4284 spatium
373 4234 402 4267 se
421 4217 524 4283 aperiet
541 4216 667 4269 eiusmodi
690 4217 780 4284 sidus)
804 4216 929 4270 diuturna
950 4217 1019 4270 mala
1041 4218 1206 4287 signiticare3
1232 4211 1274 4263 sin
1289 4229 1337 4280 per

241 4286 325 4337 breve
342 4294 443 4351 tempus
461 4288 563 4355 ardeat,
580 4286 751 4355 temporaria.

313 4356 354 4407 13.
391 4354 551 4406 Cometes
585 4354 738 4426 xiphias.
781 4353 809 4408 id
835 4354 908 4408 sidus
932 4354 1085 4409 attribuitur
1107 4348 1257 4413 Mercurio3
1288 4367 1337 4401 nee

242 4420 326 4477 miuus
340 4440 418 4494 quam·
431 4422 563 4495 superius,
579 4424 631 4480 imo
645 4424 727 4495 aragia
742 4424 855 4481 inientes
869 4424 1028 4481 efficientias
1040 4424 1128 4477 habet.
1163 4437 1223 4475 imm
1236 4418 1261 4474 εἰ
1274 4437 1335 4491 spe·
