3125 4959
236 403 286 475 88
635 403 808 474 loannis
832 403 936 475 LYDI

237 572 349 657 ε’κείνης
368 580 440 652 παῒς
460 570 477 640 ὅ
497 566 587 659 λύγος
605 562 688 659 ήκων
700 575 751 643 dod
767 571 898 654 πάντων,
925 572 960 653 ὃς
975 571 1031 658 τήν
1044 572 1131 663 ἓντῷ
1144 571 1258 664 ἀφανεῖ
1268 582 1327 643 τῶν

119 688 124 699 ’
237 675 331 749 άντων
352 676 495 764 περιοχὴν
513 678 545 750 ,ἓν
564 678 720 745 διαστάσει
741 681 794 744 καλ
813 679 939 771 προνοίφ
961 675 1059 763 λύγων
1079 679 1185 756 ἀϊάίως
1203 676 1328 766 πριάτιυς

235 780 386 867 ἓξίφηνεν,
402 780 505 869 εἱρμὸν
516 782 567 845 καί
581 784 733 868 συνέχειαν
746 785 796 847 καὶ
810 782 1010 866 ἀλληλουχίαν
1022 778 1152 863 ποιήσας
1164 779 1206 858 ὡς
1216 782 1327 869 ἐκφαν-

236 884 320 960 τικὸς
340 890 400 949 τῶν
416 882 485 972 παρ’
502 879 576 967 ἡμῖν
589 892 643 970 τῆς
656 892 760 970 ψυχῆς
774 883 898 968 ἀδήλων
914 880 1134 969 παθημάτων.”
1161 881 1179 949 ὁ
1195 885 1230 949 δὲ
1239 884 1328 950 Ἀκυ-

237 990 318 1062 λῖνος
330 987 362 1050 ἐν
374 992 416 1074 τῷ
432 984 625 1070 ὑπομνήματι
638 995 698 1054 τῶν
712 989 857 1076 ἀριθμῶν
870 987 950 1053 οὕτω
966 988 1076 1076 φησίν·
1099 983 1141 1071 “ή
1156 990 1250 1052 Μαῖα
1264 986 1352 1052 dvali

237 1088 332 1171 αὐτῆς
350 1091 381 1165 ἐς
394 1089 566 1176 τούμφανὲς
577 1089 733 1179 προδούσά
753 1092 828 1170 ἔστι,
847 1093 953 1179 κυρίαν
966 1092 1022 1173 μὲν
1034 1096 1089 1156 τού
1101 1089 1192 1175 λόγου
1206 1096 1261 1155 τού
1275 1089 1329 1153 διὰ

236 1188 356 1255 πάντων
370 1190 540 1279 πεφυκότος
554 1196 748 1259 διατακτινιαῦ
761 1201 822 1260 τῶν
834 1192 939 1273 ὄντων,
960 1193 1009 1258 διὸ
1023 1194 1062 1277 δή
1078 1192 1129 1257 καὶ
1137 1190 1252 1278 Ἑρμοῦ
1267 1218 1330 1275 μη-

235 1294 309 1380 τίρα
332 1296 418 1381 φασί.
445 1294 571 1380 τοιαύτη
591 1296 625 1362 dl
645 1293 666 1380 ή
689 1298 781 1381 νοητή
798 1297 858 1380 ύλη
879 1297 914 1362 τὸ
936 1306 1136 1379 κατακοσμεῖν
1158 1295 1214 1379 τήν
1233 1299 1277 1371 εἷς
1293 1294 1328 1359 τύ

237 1396 369 1483 ἐμφανὲς
389 1395 521 1483 πρόοδον
540 1401 590 1463 καί
612 1399 724 1485 γίνεσιν
745 1398 971 1489 ἀπεργάζεσθαι
990 1406 1052 1465 τῶν
1072 1393 1185 1465 ἀντιυν·
1217 1398 1250 1462 ἔκ
1270 1396 1329 1483 γὰρ

236 1497 313 1582 ύλης
336 1500 386 1563 καί
410 1499 509 1578 είιλιιυς
527 1502 567 1568 τὰ
588 1499 688 1568 dota?
715 1501 812 1581 ούτιυς
831 1504 889 1585 μέν
909 1502 988 1568 κατὰ
1004 1506 1183 1587 θεολογίαν,
1204 1500 1283 1566 κατὰ
1297 1500 1330 1564 dl
1338 1510 1372 1565 10

235 1601 289 1666 τὸν
308 1608 365 1685 τῆς
382 1609 582 1690 ,φυσιολαγιας
602 1630 714 1691 τρυπον
733 1632 789 1688 τήν
802 1609 914 1671 Μαιαν
934 1631 963 1669 οι
984 1606 1090 1669 πολλοὶ
1104 1603 1138 1670 τὸ
1155 1603 1240 1691 ύελαιρ
1258 1592 1332 1670 εἶναι

234 1702 412 1785 βούλονται·
438 1708 490 1770 καὶ
512 1708 572 1794 γὰρ
592 1707 676 1793 παρὰ
695 1717 759 1785 τοῖς
781 1706 895 1796 Σύροις
913 1708 1154 1801 βαρβαρίζουσα
1172 1704 1270 1782 ούτιιις
1287 1700 1333 1769 ἴτι

235 1808 287 1869 καί
311 1807 421 1872 νῦντὸ
445 1806 529 1896 ύάιυρ
553 1808 825 1897 προσαγορεύεται,
851 1806 893 1886 ὥς
909 1812 1101 1895 καὶ-μηίουρι
1114 1808 1155 1877 τά
1171 1804 1336 1893 ύιίροφάρα.

236 1912 408 1987 καλεῖσθαι.
459 1913 510 1973 καί
526 1910 581 1973 οὐκ
598 1910 656 1985 ἔξω
670 1910 761 1994 λόγου
780 1908 798 1973 ὃ
814 1908 947 1994 Βάρρων
964 1911 1104 1996 ’φαίνεται
1122 1906 1165 1985 ὡς
1182 1910 1233 1981 καί,
1251 1914 1333 1991 μῆνα

236 2007 424 2092 ἀναθίμενος
450 2010 549 2097 αὐτῇ·
574 2008 688 2095 κινήσει
707 2013 767 2099 γάρ
788 2019 844 2078 τοῦ
858 2008 1047 2097 ἀποβραχίοιι
1065 2009 1179 2087 ύδατος
1192 2013 1331 2096 γίνεσθαι
1340 2016 1374 2073 15

235 2109 329 2178 σάλον
353 2122 416 2189 τοῖς
438 2110 620 2203 φιλοσόφοις
637 2115 733 2194 δοκεῖ,
758 2111 864 2201 πρώτη
886 2114 919 2179 δὲ
940 2110 1029 2200 ἑορτή
1047 2119 1104 2179 τοῦ
1118 2118 1230 2179 Μαίυυ
1247 2114 1332 2199 παρά

231 2212 393 2309 Ῥιφααίοις
416 2215 448 2277 αἱ
470 2219 537 2300 περὶ
560 2220 690 2297 σεισμῶν
711 2218 830 2281 ἱκεσίαι.
880 2212 977 2301 ταύτῃ
995 2214 1054 2301 γάρ
1064 2214 1225 2292 Ἄτλαντος
1236 2218 1333 2280 παῖδα

235 2314 291 2397 τήν
313 2320 425 2380 Μαῖαν
449 2316 478 2380 ol
497 2319 626 2400 μυθικολ
648 2323 768 2383 ποιοῦσι
774 2366 786 2397 ,
811 2318 864 2382 καλ
883 2314 996 2406 λ’φαρον
1013 2319 1047 2383 δὲ
1065 2324 1126 2383 τῶν
1141 2314 1263 2384 ύάάτιυν
1278 2319 1333 2384 τὸν

232 2413 347 2505 Ἑρμῆν
363 2415 437 2483 εἶναι
451 2415 748 2505 παραλαμβάνομεν,
773 2422 823 2485 καλ
839 2418 891 2486 doti
908 2417 1022 2505 ταύτην
1036 2420 1093 2506 τήν
1107 2422 1207 2486 αλτίαν
1222 2422 1254 2486 ίν
1270 2430 1334 2499 τοῖς

235 2521 330 2588 αὐτού
346 2524 438 2606 πηγαὶ
455 2518 647 2588 ἀνατίθενται
666 2521 685 2607 ἢ
703 2522 822 2611 φρίατα
839 2520 1006 2610 ὀρύττεται.
1143 2605 1146 2611 v
1337 2532 1375 2587 2⁰

123 2649 151 2703 p.
172 2629 222 2684 102
338 2627 408 2691 Elol
423 2626 456 2690 δὲ
471 2628 502 2691 o‘l
514 2650 591 2715 φασι
604 2625 683 2705 Διὸς
697 2628 749 2693 καί
762 2627 875 2705 Μαίας
887 2624 941 2693 τάν
952 2622 1068 2714 Ἓρμήν
1082 2620 1157 2692 εἶναι
1171 2624 1334 2712 ἀλληγορι.·

305 2821 324 2875 3
339 2816 505 2889 ἔκφαντικάν
518 2820 554 2876 V.
651 2820 670 2875 4
687 2816 833 2884 ἀνυλλίνος
843 2819 877 2875 Ρ.
971 2819 989 2877 5
1005 2815 1070 2876 ant
1085 2816 1191 2891 αύτής]
1207 2815 1241 2875 τά
1257 2816 1332 2888 ἀφα-

305 2884 350 2949 νὲς
374 2891 533 2943 Creuzerua.
653 2891 688 2945 13
712 2888 949 2962 προσαγορεύεται
966 2907 1008 2945 om
1024 2889 1058 2945 P.
1176 2888 1225 2944 καλ
1241 2906 1283 2943 ou
1298 2889 1333 2942 P.

307 2959 340 3011 19
357 2956 444 3012 πάλαι
460 2952 640 3029 λαμβάνομεν
654 2976 744 3030 margo
760 2960 796 3014 V.

239 3128 428 3196 obstetrices);
449 3129 596 3186 Mercurius
619 3137 705 3186 antem
721 3131 791 3185 illios
807 3130 878 3194 lilino
894 3129 963 3187 ratio
979 3128 1172 3254 munirem
1186 3128 1334 3199 pertinens,

238 3197 284 3265 qui
301 3214 359 3249 eum
377 3198 426 3266 qui
441 3199 525 3251 estin
543 3200 643 3254 occulto
659 3218 746 3255 rerum
760 3200 965 3271 complexumin
1068 3199 1108 3253 tia
1124 3206 1152 3253 et
1166 3196 1334 3269 providentia

237 3268 378 3319 vorborum
395 3269 428 3320 ab
446 3275 554 3321 actcrno
568 3269 675 3337 primum
689 3270 829 3341 patefecit,
856 3287 926 3323 nexo
946 3277 976 3323 et
993 3267 1177 3321 coniunctione
1194 3274 1333 3348 mutuaque

239 3335 407 3389 cohaerentia
422 3338 508 3405 facto,
536 3343 564 3391 et
581 3353 648 3406 quae
665 3339 783 3393 enuntiat
799 3338 913 3392 occultae
931 3345 1033 3392 nostrae
1050 3336 1130 3390 animi
1147 3334 1309 3388 anemonen.
1323 3328 1334 3349 ⁹

238 3403 375 3472 aquilinus
402 3414 486 3459 autem
507 3406 535 3459 in
559 3405 750 3461 Commentario
772 3425 937 3462 numerorum
958 3406 996 3461 ita
1015 3405 1095 3460 dicito
1121 3399 1219 3457 “Maia
1239 3419 1272 3455 aa
1292 3409 1333 3455 cot

239 3489 307 3540 quae
323 3503 359 3512 —
374 3474 453 3527 -in
469 3484 588 3545 apertum
609 3476 742 3545 prodidit,
767 3495 824 3530 cum
848 3477 996 3530 dominetur
1015 3474 1084 3527 ratio
1107 3480 1218 3525 extenta
1241 3476 1335 3524 natura

238 3560 287 3610 per
304 3542 391 3596 omnia
409 3560 475 3613 quac
490 3553 568 3612 aunt,
596 3546 665 3599 unde
685 3544 805 3598 nimirum
822 3552 850 3598 et
865 3544 992 3599 Mercurii
1013 3550 1122 3595 matrem
1139 3540 1238 3593 dicunt.
1272 3538 1335 3593 talu

239 3619 325 3663 autem
342 3613 451 3666 materia
467 3621 508 3666 ost
525 3632 557 3667 ea
577 3630 645 3682 quae
661 3622 748 3667 mente
762 3614 922 3683 percipitur,
940 3622 970 3665 ut
984 3616 1124 3679 componat
1137 3609 1232 3662 exitum
1247 3608 1276 3660 in
1291 3606 1335 3658 lu-

240 3696 295 3731 cem
312 3687 339 3731 et
352 3682 545 3749 generationem
565 3684 666 3736 alliciat
678 3699 780 3735 rerum:
806 3700 840 3736 cx
858 3682 970 3735 materia
982 3679 1050 3731 enim
1067 3685 1096 3731 et
1108 3679 1193 3731 forma
1208 3695 1253 3732 rea
1269 3692 1335 3727 cou-

240 3744 343 3799 stant.''
378 3751 415 3803 ita
439 3752 544 3820 quidem
570 3751 644 3811 iuxta
666 3750 835 3819 theologiam.
870 3768 905 3802 ex
925 3746 1107 3817 physiologiae
1125 3755 1212 3800 autem
1230 3744 1335 3798 rationo

240 3816 337 3867 Maiam
354 3818 427 3871 multi
443 3838 535 3890 aquam
554 3839 614 3874 eoae
631 3821 736 3874 volunt:
759 3819 854 3874 etenim
872 3819 942 3886 apud
961 3817 1045 3885 Syros
1066 3818 1181 3870 barbare
1196 3814 1336 3881 loquentes

239 3885 278 3937 ita
299 3884 378 3938 etiam
399 3903 466 3939 nunc
489 3907 557 3959 aqua
580 3889 741 3959 appellatur,
768 3896 799 3941 ut
822 3896 850 3941 et
872 3888 966 3941 mcioro'
985 3903 1070 3956 aquae
1089 3887 1182 3939 onemo
1196 3890 1333 3934 vocentur.

239 3973 288 4005 nec
302 3956 403 4036 absque
417 3956 518 4010 ratione
532 3960 617 4011 Varro
632 3959 719 4027 egisse
733 3958 854 4025 videtur,
872 3964 902 4009 ut
918 3955 965 4025 qai
978 3963 1006 4009 et
1019 3972 1134 4008 mensem
1147 3950 1186 4002 illi
1198 3950 1335 4032 attribuite

240 4032 310 4075 motu
328 4041 397 4075 cmm
416 4023 472 4076 eiua
485 4041 552 4093 quoae
568 4028 596 4080 in
632 4030 744 4081 rolando
762 4035 805 4081 eat
822 4043 907 4097 aquae
920 4026 1035 4079 exlatere
1048 4020 1158 4090 agitatio
1174 4019 1335 4088 pholoeophra

243 4091 361 4155 videtum
377 4092 477 4161 primae
491 4103 577 4147 aotam
620 4096 656 4148 aii
671 4098 756 4150 feriae
774 4098 844 4167 apud
859 4096 991 4148 Romanoa
1008 4106 1101 4161 preces
1119 4104 1167 4169 pro
1185 4087 1336 4142 avertendis

243 4166 330 4211 terrae
354 4162 478 4215 motibus.
513 4161 574 4233 ideo
597 4165 663 4216 anim
686 4166 799 4219 Atlantia
825 4164 905 4218 filiam
927 4163 1025 4215 Maiam
1044 4157 1154 4225 mythici
1168 4157 1283 4225 iaciunt,
1308 4164 1337 4209 ct

242 4229 389 4295 praesidem
407 4248 472 4285 vero
492 4246 616 4299 aquarum
633 4232 791 4287 Mercurium
808 4252 867 4287 cano
885 4231 940 4286 acci
960 4230 1043 4296 imus,
1060 4234 1088 4280 ct
1105 4226 1172 4280 hauc
1185 4229 1219 4281 ob
1233 4242 1336 4280 cauamu

241 4296 268 4348 in
288 4297 344 4350 eiua
364 4300 431 4351 lunis
450 4302 538 4353 sontes
556 4310 742 4353 consecrantur
757 4310 802 4356 aut
819 4302 893 4369 putei
908 4249 1053 4350 iotlluntur.
1311 4360 1319 4375 ι

311 4367 380 4420 Sunt
396 4377 482 4422 autem
498 4368 543 4439 qui
560 4367 650 4423 dicant
671 4369 743 4423 Iovia
761 4378 791 4424 et
808 4370 897 4423 Maiae
909 4365 1069 4422 Mercurium
1087 4382 1147 4421 caca
1164 4381 1198 4419 cx
1211 4361 1337 4433 allegoria
