3125 4959
236 416 311 489 274
637 417 810 485 IOANNIS
833 418 935 485 uYDl

239 580 305 670 γάρ
330 579 371 669 δὴ
392 580 449 650 καί
468 580 530 667 τὴν
551 582 614 650 τοῦ
634 584 848 664 spurcissimo
868 580 1014 663 βασιλέως
1034 579 1170 667 νίκην),
1196 578 1256 648 ὑπ’
1278 576 1341 648 url-

236 690 304 752 τῶν
337 683 457 753 λοιπόν
485 688 555 753 τοῖν
583 681 786 771 πραγμάτων
812 685 868 752 καί
893 689 951 772 τῆς
980 686 1009 758 ἐξ
1036 682 1130 745 αὐτῶν
1155 684 1340 768 μαρτυρίας

233 785 375 874 γράφειν
398 787 473 871 περὶ
501 792 570 855 τῶν
598 785 762 856 τοιούτων
784 785 974 874 προήχθην,
1005 784 1073 872 ἅμα
1093 783 1154 871 μὲν
1173 782 1260 869 πρός
1281 788 1338 869 τῆς

117 901 118 904 ’
231 888 311 977 ἐμῆς
333 890 467 959 ἔσεσθαι
491 887 622 976 μνήμης
641 888 678 958 τό
697 894 833 977 πράγμα
862 891 1020 976 νομίζων,
1050 886 1118 972 ἅμα
1146 888 1182 954 di
1210 885 1338 954 ἄτοπον

231 994 290 1061 καλ
315 993 451 1079 φθόνου
480 990 583 1078 γέμον
610 989 795 1079 ἡγούμενος
821 988 908 1060 εἶναι
933 991 970 1060 τό
996 987 1125 1067 πόνους
1152 986 1361 1066 τοσούτονςσ

231 1101 303 1175 ’τοῖς
324 1094 473 1182 άρχαίοις
494 1094 799 1184 καταβεβλημένους
819 1098 866 1175 είς
886 1091 966 1174 τούς
986 1094 1059 1179 περὶ
1071 1091 1200 1161 τούτων
1217 1085 1339 1175 λόγους

233 1192 307 1281 άχρι
327 1194 452 1274 παντὸς
471 1204 580 1281 μεῖναι
600 1196 838 1277 λανθάνοντας.
867 1235 869 1244 0

316 1302 347 1363 2.
387 1293 563 1382 Ἁρμόδιον
590 1300 627 1368 di
656 1298 742 1368 είνοι
770 1301 893 1384 νομίζω
922 1301 970 1386 τῷ
996 1296 1071 1380 περί
1089 1301 1158 1363 των
1177 1291 1339 1364 τοιούτων

180 1485 182 1489 Ι
230 1394 374 1485 γράφειν
409 1398 573 1481 ἐθέλοντι,
611 1399 718 1469 πόθεν
753 1424 789 1468 τε
821 1400 844 1487 ἡ
872 1404 941 1468 τῶν
968 1396 1132 1466 τοιούτων
1157 1396 1339 1482 κατάληψις

179 1532 185 1541 “
229 1498 359 1589 ἤρξατο»
386 1504 498 1582 λέγειν,
525 1502 582 1571 καί
607 1500 691 1571 ὅθεν
715 1501 786 1588 ἔσχε
811 1500 871 1581 τάς
891 1498 1064 1587 άφορμάς,
1095 1499 1153 1567 sul
1173 1498 1265 1577 ὅπως
1285 1495 1337 1565 ill
1347 1511 1381 1565 10

228 1609 392 1675 τοσοῦτον
411 1611 567 1689 προῆλθεν
588 1603 635 1685 us
655 1605 713 1674 ιιαλ
734 1602 877 1684 τιν’τοάς,
906 1606 935 1671 εί
962 1602 1058 1688 θέμις
1084 1604 1205 1682 εἰπεῖν,
1233 1601 1337 1685 Λίγυ-

230 1707 348 1783 πτίους
376 1706 582 1789 ὑπερβαλεῖν.
625 1704 755 1773 τούτων
781 1708 835 1778 γὰρ
859 1708 912 1777 δή,
941 1707 1011 1777 μετὰ
1032 1702 1257 1789 Ζωροάστρην
1277 1700 1338 1767 τόν

231 1803 357 1883 πολάν,
390 1805 566 1889 Πετόσιρις
591 1812 662 1885 τοῖς
688 1806 826 1882 είδιιιοῖς
846 1802 886 1870 τά
909 1806 939 1865 ἐν
959 1806 1031 1879 γένει
1053 1807 1209 1883 διατάξας
1231 1800 1336 1871 πολλοὶ

231 1906 293 1994 μὲν
309 1902 384 1974 κατ’
404 1904 508 1975 αὐτόν
528 1910 741 1994 παραδοῦναι
756 1904 919 1993 βιάζεται,
944 1903 986 1975 οὐ
1004 1910 1079 1973 πᾶσι
1095 1908 1126 1967 u
1144 1907 1338 1980 παραδίδωσι

229 2012 352 2087 ταῦτα,
382 2005 499 2092 μόνοις
525 2009 562 2077 di
589 2015 658 2089 τοῖς
685 2006 768 2077 καθ’
799 2004 920 2091 αὐτόν,
956 2011 1082 2095 μᾶλλον
1111 2006 1146 2075 di
1179 2006 1253 2074 ὅσοι
1279 2005 1378 2073 ναὶ15

229 2112 325 2173 odeas
345 2108 426 2204 πρὸς
454 2110 659 2198 στοχασμους
687 2113 949 2201 ἐπιτηδειότεροι.
988 2106 1176 2195 Ἀντίγονος
1203 2108 1239 2176 di
1264 2104 1334 2193 μετ’

228 2210 358 2281 ἐκεῖνον
379 2214 503 2289 διέκρινε
523 2214 584 2299 μὲν
605 2216 661 2282 aul
683 2213 872 2302 διήρθρωσε
891 2211 953 2300 τὴν
972 2211 1171 2297 παράδοσιν,
1193 2210 1279 2295 πρός
1298 2211 1335 2277 δὲ

228 2312 267 2383 τό
289 2311 419 2381 πυκνόν
443 2324 499 2377 τῶν
520 2318 550 2377 ἐν
570 2323 604 2395 τῇ
626 2317 817 2407 άττρονομίᾳ
846 2319 1008 2401 γραμμῶν
1036 2310 1218 2393 άποκλίνας
1246 2311 1334 2398 άμά-

227 2424 336 2503 &psov
358 2413 457 2503 ὄχλον
477 2424 526 2479 καί
543 2418 680 2495 trapetas
701 2426 792 2495 πάσης
813 2418 996 2504 &cuprumv
1009 2422 1050 2505 τῇ
1063 2422 1178 2505 γραφῇ
1192 2434 1334 2501 συγκατ-

228 2518 333 2587 έθετο.
377 2519 419 2587 τά
446 2517 509 2603 γάρ
530 2516 744 2605 Ἀριστοτέλει
764 2522 919 2608 είρημένα
940 2518 1185 2607 γνωριμώτατα
1222 2515 1376 2585 ‘Ham-uo

228 2624 337 2707 όωρος
358 2620 394 2689 di
416 2622 471 2688 καὶ
491 2619 700 2707 Ἀσκλατίων,
723 2624 770 2692 ἔτι
790 2624 847 2692 καί
867 2619 986 2702 Actaeis
1004 2619 1024 2688 ό
1043 2625 1178 2707 Θηβαῖοι
1184 2659 1325 2682 ········

226 2728 275 2783 not
302 2727 433 2809 Πολλῆς
462 2724 518 2791 ναί
549 2722 568 2793 ὁ
596 2723 768 2806 θειότατος
796 2723 862 2809 πρό
894 2720 1004 2791 αὐτῶν
1033 2727 1256 2809 Πτολεμαῖος,
1285 2718 1334 2818 ου’

225 2824 320 2913 μέχρι
341 2824 464 2903 παντὸς
484 2828 614 2913 ἴσχυσαν
632 2828 693 2915 τὴν
715 2828 862 2897 παλαιάν
882 2823 1049 2912 ἀσάφειαν
1064 2831 1124 2894 τοῦ
1140 2822 1334 2909 πράγματος

208 2926 394 3017 ἐκβαλεῖν,
423 2928 532 2997 καίτοι
551 2954 588 3017 γε
609 2929 742 3019 σφόδρα
762 2931 820 3005 καί
839 2935 942 3003 τοῦτο
963 2933 1101 3016 ποιησαι
1122 2925 1330 3006 σπεύσαντες.

297 3064 330 3117 13
347 3062 448 3125 idoneis
464 3066 499 3117 C.

226 3172 290 3233 item
306 3178 492 3249 declarabat),
517 3180 615 3235 iccirco
638 3181 705 3253 ipsis
724 3182 864 3238 eventibus
880 3192 1023 3255 eorumque
1043 3181 1196 3238 testimonio
1211 3183 1246 3237 ad
1261 3181 1329 3235 scri-

209 3251 340 3324 ptionem
358 3250 392 3303 de
409 3254 488 3304 rebus
506 3251 655 3306 huiusmodi
672 3270 729 3306 sum
743 3254 886 3322 adductus,
903 3263 932 3308 et
947 3253 1097 3308 memoriam
1112 3253 1140 3305 id
1158 3270 1241 3304 meam
1257 3270 1328 3304 com-

225 3320 405 3373 mendaturum
427 3320 594 3389 existimans,
621 3328 654 3376 et.
665 3322 828 3377 incommodo
845 3324 999 3393 invidiaque
1015 3340 1071 3376 rem
1091 3338 1143 3373 uon
1160 3338 1252 3375 carere
1266 3338 1329 3373 cen-

225 3406 302 3455 sens,
331 3389 355 3439 si
377 3396 418 3441 tot
443 3389 547 3441 labores
574 3408 590 3443 a
613 3392 749 3445 veteribus
774 3392 803 3446 iu
826 3394 979 3463 disciplinas
1002 3392 1061 3444 illas
1078 3390 1191 3459 impensi
1208 3391 1236 3443 in
1253 3406 1330 3449 omno

224 3466 327 3527 tempus
343 3458 491 3510 absconditi
507 3468 652 3511 manerent.

292 3528 321 3581 2.
355 3524 513 3601 Appositum
540 3536 626 3578 autem
654 3544 715 3580 essa
738 3527 870 3595 arbitror,
906 3528 931 3580 si
956 3528 1015 3597 quis
1039 3530 1072 3582 de
1096 3530 1177 3582 rebus
1200 3526 1329 3581 eiusmodi

223 3596 342 3651 scribere
359 3594 442 3663 velit,
467 3594 578 3665 primum
596 3614 613 3648 a
631 3612 683 3664 quo
700 3612 790 3648 aarum
805 3597 922 3665 cognitio
941 3598 1061 3669 coeperit
1077 3598 1181 3664 dicere,
1207 3599 1330 3664 undeque

225 3666 263 3719 sit
284 3665 403 3718 subsidia
429 3673 522 3731 nacte,
550 3681 656 3735 quoque
679 3673 758 3733 pacto
776 3672 884 3729 satem
902 3668 1062 3736 processerit
1079 3676 1109 3719 ut
1124 3666 1167 3718 vel
1187 3666 1278 3735 ipsos,
1305 3664 1328 3715 si

225 3734 275 3787 boc
292 3735 333 3787 fas
349 3741 390 3787 est
406 3734 495 3801 dictu,
511 3733 661 3803 Aegyptios
678 3750 841 3801 superemus.
877 3754 910 3789 ex
926 3736 967 3791 bis
983 3738 1068 3803 enim,
1085 3744 1147 3818 post
1159 3736 1329 3787 Zoroastrem

224 3802 372 3871 ingentem,
400 3804 529 3856 Petosiris
547 3803 619 3856 locos
634 3802 782 3872 singulares
801 3806 960 3872 permiscens
977 3813 1122 3876 generatum
1139 3805 1233 3870 dictis,
1250 3801 1329 3853 multa

224 3869 298 3923 iuxta
314 3870 384 3924 illum
402 3881 512 3924 conatur
525 3873 637 3926 docere:
655 3874 702 3926 sed
721 3880 809 3925 tamen
825 3892 876 3927 uon
890 3877 1009 3945 quemvis
1027 3892 1105 3928 unum
1122 3892 1155 3927 ea
1171 3875 1264 3935 docet,
1280 3871 1327 3924 sed

223 3939 294 3993 solos
316 3958 392 4011 suos,
420 3941 563 4010 lucrumque
579 3942 638 3995 illos
658 3941 746 4011 potius
765 3942 810 4009 qui
825 3944 880 3996 sint
895 3947 929 3999 ad
947 3955 1048 3999 contem
1069 3943 1192 3995 lationem
1216 3938 1326 3991 babilio-

223 4026 278 4061 res.
313 4018 375 4077 post
389 4008 456 4062 hume
469 4013 616 4079 Antigonus
630 4010 724 4065 divisit
737 4011 840 4079 quidem
857 4022 885 4066 et
899 4014 1022 4067 distinxit
1034 4011 1214 4081 disciplinam,
1231 4009 1279 4062 sed
1292 4010 1326 4062 ad

223 4079 317 4129 crebra
333 4080 506 4131 astronomica
522 4080 679 4134 lineamenta
697 4098 840 4135 conversus
857 4082 1065 4152 inexplicabilem
1085 4078 1228 4132 molestiam
1242 4078 1325 4131 omui-

223 4163 276 4215 qnc
295 4147 455 4199 obscuritate
473 4150 596 4202 refertam
612 4152 640 4202 in
659 4148 829 4217 scriptionem
852 4152 999 4206 introduxit
1016 4167 1100 4205 snam.
1136 4163 1203 4217 quae
1220 4148 1325 4201 Aristo-

219 4214 435 4283 teles'··pro‹lidit‚
460 4218 595 4272 admodum
614 4220 720 4288 cognita
737 4229 808 4273 sunt.
844 4221 1004 4275 Heliodorus
1023 4231 1111 4272 autem
1129 4227 1157 4269 et
1171 4217 1325 4284 Asdetario,

218 4285 325 4353 Dapssss
343 4284 485 4337 Thebanus
505 4323 634 4343 ........
653 4298 681 4341 et
702 4288 790 4341 Polles
808 4290 960 4358 legiensis,
988 4290 1086 4359 quique
1104 4287 1153 4340 bos
1170 4296 1258 4341 aetate
1276 4304 1324 4338 au-

218 4353 329 4407 tecessit
341 4352 446 4407 divinus
462 4354 642 4427 Ptolemaeus,
669 4355 804 4426 antiquam
819 4378 835 4412 a
848 4360 960 4413 scicntia
980 4374 1089 4429 prorsus
1104 4355 1245 4425 dispellere
1259 4355 1324 4408 cali-

217 4424 304 4492 ginem
321 4440 374 4477 uon
386 4434 545 4497 potuerunt,
570 4428 690 4499 quamvis
707 4428 735 4482 id
750 4426 855 4499 quoque
871 4432 981 4485 efficere
996 4429 1094 4501 oppido
1112 4426 1210 4480 conati.
1247 4424 1325 4477 nobis
