3125 4959
399 461 457 529 DE
483 456 817 530 uuulsuusrluus
842 457 879 524 P.
902 456 944 524 li.
969 455 1048 524 LIB.
1073 455 1130 526 llt
1241 454 1316 527 207

223 635 403 722 ηυφαλίζετο
417 631 543 711 πάντας.
580 631 655 717 μεθ’
675 629 710 697 δν
726 628 743 696 δ
759 631 905 717 π’ρέγκεψ,
934 624 999 695 οἷον
1013 625 1030 693 ἀ
1043 625 1218 714 πρωτεάων,
1246 631 1315 710 περὶ

194 780 195 783 =
223 729 261 803 οὗ
277 739 350 814 τέως
364 741 454 803 είπεῖν
467 737 503 802 ori
517 733 637 824 καιρός·
658 735 729 800 οάδέ
742 735 801 821 γάρ
815 737 908 820 μέρος
919 740 975 817 τῆς
987 728 1099 809 τάξεώς
1112 735 1174 796 ἐστι
1189 733 1238 795 καί
1256 731 1314 796 αδ-

224 837 291 918 τάς,
317 840 407 917 αδτδς
419 843 451 906 δέ
465 846 525 906 τῶν
535 845 759 926 μογιστριανῶν
773 837 853 902 κατά
866 836 993 919 βαθμὸν
1008 837 1201 921 παραγίνεται
1214 836 1262 898 ini
1273 835 1312 900 ui
1331 844 1335 852 '

223 941 350 1028 μέγιστά
369 968 439 1009 ποτε
454 939 650 1028 δικαστήρια·
675 943 725 1006 καὶ
739 940 848 1027 μικρὸν
859 939 985 1026 ὕστερον
997 940 1053 1024 τὴν
1064 938 1113 1003 ἐπ’
1131 937 1215 1025 αὐτῷ
1230 939 1313 1004 ἱστο-

198 1047 292 1133 5ρίαν
311 1044 492 1131 ἐκθήσομαι.
541 1044 618 1129 μεθ’
643 1042 699 1120 oric
719 1039 1011 1131 δκορνικυυλάριος,
1036 1040 1088 1108 οἷα
1102 1041 1159 1125 τὴν
1171 1040 1244 1124 ὅλην
1258 1049 1314 1107 τοῦ

222 1147 317 1231 νόμου
341 1149 469 1231 δύναμιν
491 1151 642 1234 διατηρῶν
666 1148 717 1212 καί
742 1153 804 1212 τῶν
829 1146 1042 1236 πραττομένων
1058 1143 1179 1211 πάντων
1200 1141 1313 1230 κάρτος,

222 1251 266 1315 δι’
287 1254 397 1330 οἰκείας
412 1248 662 1334 δπυσημειῶσεως
673 1249 729 1334 τὴν
741 1248 839 1336 δφρδν
850 1251 951 1315 έδίδου
963 1256 1028 1324 τοῖς
1040 1246 1314 1336 ἀποπεφασμένοις.

327 1355 385 1424 13.
436 1360 581 1420 Τοσαῦτα
600 1355 634 1418 δέ
647 1343 686 1436 ἦν
700 1349 740 1418 τά
754 1351 821 1418 τότε
836 1349 1028 1441 πραττόμενα
1041 1348 1084 1429 ῶς
1098 1349 1214 1441 δεκάτῳ
1228 1348 1313 1439 τάμιρ

220 1453 309 1542 μδγις
323 1454 594 1540 ἀναλαμβάνεσθαι
607 1454 684 1542 πρὸς
698 1453 837 1539 σύνοψιν.
875 1459 927 1522 καί
939 1457 972 1521 τέ
977 1455 1112 1539 χαλιπδν
1125 1455 1314 1541 ἐμβραδῦναι

181 1573 215 1628 10
222 1567 266 1646 τῷ
278 1558 362 1646 λόγῳ
372 1561 448 1646 πρὸς
461 1557 612 1636 ἀπόδειξιν
625 1565 679 1622 τοῦ
694 1559 907 1645 προκειμένους
931 1565 1077 1624 τοσοῦτον
1089 1550 1127 1641 ἦν
1141 1557 1176 1622 τδ
1189 1553 1314 1641 πλῆθος

219 1668 281 1728 τῶν
291 1663 504 1748 πραττομένων
518 1657 560 1736 ιδς
573 1659 643 1724 ὅλον
655 1658 690 1724 τδ
704 1659 770 1736 έτος
779 1659 825 1744 μὴ
838 1661 939 1747 ἀρκεῖν
951 1660 1023 1738 τοδς
1031 1666 1225 1747 βοηθοῦντας
1236 1659 1314 1745 πρδς

220 1762 374 1850 πλήρωσιν
393 1765 510 1843 αὐτῶν,
536 1759 612 1828 ῶστε
634 1763 712 1844 μετὰ
734 1762 770 1829 τδ
791 1764 885 1850 πέρας
895 1771 950 1849 τῆς
962 1764 1122 1850 λεγομίνης
1133 1758 1314 1848 βοηθυάρας

219 1865 295 1950 έχειν
317 1873 419 1952 χῶρον
446 1865 702 1948 ἀπονενεμημένον
723 1865 827 1943 αὐτοῖς
846 1869 894 1931 ini
921 1875 978 1952 τῆς
997 1868 1095 1961 μέσης
1117 1863 1235 1932 είσδδυυ
1258 1871 1314 1948 τῆς

219 1971 406 2052 πραιτωρίας
423 1969 518 2048 αὐλῆς
533 1968 609 2050 πρὸς
623 1974 679 2030 τοῦ
693 1971 825 2053 σκρινιόυ
841 1977 896 2050 τῆς
911 1968 1077 2057 Εὐρώπης,
1102 1971 1135 2034 έν
1147 1959 1174 2058 ηδ
1187 1970 1313 2054 συντρέ·

180 2081 213 2136 15
218 2093 323 2151 χοντες
342 2066 492 2154 ἐπλήρουν
511 2065 550 2132 τά
571 2069 619 2130 ἐπὶ
641 2074 696 2150 τῆς
712 2069 812 2133 αὐτῶν
826 2075 1012 2157 λειτουργίας
1024 2074 1211 2157 πραχθέντα.
1261 2071 1314 2134 καὶ

220 2170 306 2234 αὐτοὶ
325 2171 381 2253 μέν
400 2171 429 2235 oi
448 2169 518 2257 ἀρτι
533 2177 589 2235 τοῦ
601 2175 730 2254 βοηθεῖν
742 2176 806 2248 τοίς
820 2173 959 2258 τρέχουσι
974 2173 1118 2259 σκρινίσις
1131 2172 1316 2253 πεπαυμένοι

219 2271 336 2347 τούτοις
348 2275 563 2354 ένησχολοῶντο
570 2321 580 2351 ,
606 2274 795 2360 παραψυχὴν
806 2274 842 2337 οδ
855 2274 969 2361 μικράν
982 2278 1098 2362 κερδῶν
1111 2272 1314 2360 έκλεγάμενυι·

220 2374 298 2439 οἶδε’
310 2373 370 2459 πρὸ
387 2372 489 2439 αὐτῶν
503 2375 553 2437 καὶ
566 2373 625 2456 ἤδη
640 2372 786 2459 πρότερον
802 2374 996 2456 σχολάζοντες
1011 2379 1075 2445 ἐκεῖ
1083 2378 1242 2464 συνέρρεον
1255 2376 1313 2454 τάς

217 2478 361 2562 μεγίστας
381 2478 432 2541 καὶ
452 2475 595 2561 λαμπράς
610 2478 671 2538 τῶν
685 2479 740 2557 τῆς
752 2472 850 2558 ἀρχῆς
864 2475 1056 2562 προστάξεων
1074 2476 1312 2562 έγχειριζόμενυι,

178 2581 271 2649 sonat
295 2577 381 2656 ὅσαις
401 2577 501 2667 έτεράς
522 2604 568 2655 τις
585 2577 680 2664 πέρας
699 2576 755 2648 otis
777 2576 897 2662 ἀτχυσεν
916 2580 1081 2657 έπιθεῖναι,
1097 2580 1176 2662 μηδὲ
1191 2578 1244 2644 τδν
1259 2587 1315 2663 τῆς

220 2683 328 2770 ἀργίας
351 2683 457 2770 καιρὸν
479 2681 590 2768 έρημυν
613 2685 742 2764 λογικῶν
756 2678 934 2765 ζητημάτων
947 2678 1231 2765 ἀπολαμβάνοντες,
1255 2690 1317 2749 τῶν

219 2785 350 2862 ε’νδάξων
376 2787 407 2849 έν
429 2782 623 2861 διδασκάλοις
643 2779 741 2869 λόγων
764 2781 986 2870 συντρεχόντων
1000 2780 1042 2862 ῶς
1056 2783 1167 2863 αιἰτοδς
1180 2787 1231 2850 καλ
1245 2789 1316 2872 περὶ

220 2895 282 2964 τῶν
296 2887 502 2972 ἀγνοουμένων
516 2881 732 2972 συζητοάντων.
781 2885 899 2970 ἀπέσβη
914 2889 948 2951 δέ
961 2885 1059 2976 οὕτως
1071 2884 1191 2954 ἅπαντα
1204 2885 1247 2964 ῶς
1258 2895 1315 2954 τοῦ

289 3067 304 3119 1
324 3079 431 3125 ...τας
448 3063 482 3117 c.
611 3065 630 3120 3
646 3060 735 3128 oritis
751 3057 876 3132 δλ1άπδ
891 3062 946 3122 tt?
1068 3061 1262 3136 κατυβάδμιιν
1278 3067 1315 3124 0.

288 3134 305 3184 9
321 3130 445 3200 σύναψιν
463 3134 498 3189 c.
600 3133 634 3188 14
650 3127 727 3207 qiu,
746 3125 767 3206 ἦ
784 3136 818 3191 0.
918 3136 955 3191 23
970 3129 1098 3206 άιεοάβη
1113 3133 1204 3206 vulgo.

221 3285 359 3368 princeps,
383 3286 417 3338 de
438 3305 489 3357 quo
512 3286 600 3341 dicere
624 3290 732 3342 necdum
753 3298 855 3357 ternpus
878 3293 921 3343 est
941 3288 1132 3358 (nequeenim
1150 3291 1234 3345 etiiie
1251 3309 1315 3362 pars

221 3364 263 3408 est
276 3355 381 3420 ολλιαίἰ,1
391 3373 480 3407 verurn
498 3374 513 3406 o
527 3357 702 3423 magistrianis
720 3358 849 3424 gradatim
866 3358 901 3412 ad
918 3357 1029 3412 maxima
1048 3358 1109 3411 olim
1124 3358 1221 3412 iudicis
1237 3379 1315 3414 aoce-

220 3426 275 3486 dit3
301 3425 410 3490 eiusque
431 3422 565 3476 historiam
583 3425 658 3494 panio
677 3435 738 3493 post
754 3426 927 3496 expiicebo);
954 3436 1016 3497 post
1031 3442 1097 3495 qtros
1116 3427 1314 3498 cornicularius,

221 3495 318 3562 quippe
338 3495 418 3545 toton
440 3492 507 3559 legis
532 3493 583 3546 vinu
601 3494 766 3564 custodiens,
791 3497 976 3568 agentiumque
998 3495 1110 3550 omnium
1128 3496 1242 3567 primus,
1266 3516 1316 3554 sua

222 3561 414 3629 subscriptione
433 3561 614 3615 auctoritatem
630 3563 752 3617 indicatis
769 3566 859 3618 dabat.

291 3633 332 3684 13.
369 3629 458 3681 Tarne
480 3640 566 3683 arrtorn
587 3641 640 3684 tuns
661 3642 719 3686 erat
739 3635 899 3708 agendorum
918 3633 1011 3703 eopia,
1035 3649 1103 3702 syno
1135 3631 1163 3687 in
1180 3651 1269 3688 eorum
1285 3644 1315 3691 ut

221 3699 265 3752 vix
287 3699 412 3752 decimans
435 3697 552 3751 voiurnen
567 3701 792 3770 complecteretur.
828 3701 921 3771 quidni
937 3706 969 3756 ad
987 3720 1042 3757 rem
1058 3704 1076 3756 d
1116 3703 1238 3756 erandsnn
1255 3702 1314 3756 iou-

220 3769 308 3836 gioree
327 3767 427 3821 simus?
462 3784 494 3819 ea
508 3777 565 3822 erat
579 3772 737 3838 agendorum
751 3770 902 3839 multitudo,
920 3780 949 3824 ut
966 3781 1022 3825 toto
1040 3789 1108 3827 anno
1125 3770 1159 3824 iis
1175 3771 1315 3842 implendis

222 3838 355 3890 adiutores
376 3855 427 3890 non
450 3837 615 3905 sufficerent,
640 3840 753 3908 ideoque
775 3848 836 3910 post
860 3839 1011 3893 boethursru
1028 3858 1104 3910 quam
1117 3852 1214 3894 vocant
1228 3839 1314 3894 iocum

221 3907 287 3977 ipsis
304 3907 475 3973 destinatum,
493 3905 520 3958 in
534 3907 739 3962 rnedio'introitu
752 3909 902 3978 praetoriae
915 3908 1003 3975 sulae,
1018 3927 1103 3979 prope
1117 3909 1241 3963 scrinium
1253 3911 1311 3962 Eu-

223 3994 316 4045 ropae,
344 3977 483 4044 haberent,
510 3975 538 4026 iu
555 3992 606 4044 qno
623 3986 808 4031 concurrentes
827 3981 875 4031 sub
891 3978 1006 4048 ipsorum
1029 3979 1174 4045 ministerio
1189 3990 1248 4031 aeta
1264 3977 1313 4030 im·

221 4045 336 4112 plebant.
373 4055 401 4098 et
417 4044 471 4114 ipsi
486 4044 604 4113 quiden,
621 4047 666 4116 qui
682 4064 767 4118 nuper
779 4046 903 4102 adiuvare
916 4048 1050 4102 currentia
1061 4047 1159 4102 scrinia
1171 4047 1314 4114 desierant,
1338 4074 1340 4079 .

223 4113 264 4166 nis
289 4131 393 4183 operam
416 4117 526 4182 dabant,
552 4131 604 4165 non
630 4133 711 4183 parvo
728 4116 794 4169 lucri
811 4117 904 4171 solatio
919 4119 1079 4186 gaudentes:
1104 4117 1230 4187 quivero
1252 4126 1315 4168 astte

222 4181 278 4233 iilos
294 4202 324 4234 nc
339 4183 412 4252 prins
428 4184 506 4235 otiam
524 4192 706 4253 cessaverant,
730 4187 821 4238 eodem
839 4188 1019 4252 confluebant,
1042 4187 1128 4256 iisque
1144 4184 1271 4239 maximae
1286 4194 1315 4239 et

221 4250 391 4315 pravissimae
408 4251 576 4321 magistratus
591 4251 734 4321 iussiones,
752 4265 778 4308 et
791 4255 989 4325 quibuscunque
1005 4257 1083 4309 iinenr
1100 4255 1234 4326 imponere
1247 4251 1314 4307 alius

223 4319 290 4370 haurd
314 4322 456 4388 potuisset,
483 4321 685 4388 snerrdabentur3
712 4323 757 4394 qni
779 4341 813 4376 no
831 4325 879 4378 otii
900 4325 1003 4395 quidem
1016 4336 1134 4397 tempore
1151 4322 1314 4377 obliteratis

223 4389 419 4452 ‹paraestionibus
438 4393 578 4455 vacabant,
597 4407 654 4443 curu
666 4392 734 4444 'olari
751 4393 821 4446 inter
832 4393 965 4449 literarum
981 4395 1118 4463 magistros
1134 4394 1167 4446 ad
1184 4409 1231 4444 eos
1247 4409 1311 4446 eou-

223 4467 370 4525 currorent‚
394 4459 528 4529 incognita
545 4459 620 4514 simul
636 4460 835 4533 investigantes.
871 4480 939 4534 quae
954 4474 1050 4521 cuncta
1065 4465 1106 4521 sio
1122 4478 1265 4530 evanuere,
1282 4470 1312 4516 ut
