3125 4959
557 434 616 503 ua
639 434 849 503 amasmus
870 432 930 503 ιτ.
1070 412 1072 416 ’
1247 434 1294 507 οι

304 602 365 679 46.
416 611 465 695 Τῇ
491 606 551 695 πρὸ
574 613 789 695 continueris
804 604 966 694 Ἀπριλέων
980 602 1137 696 Ἡρακλῆς
1156 607 1295 687 ι’πινῖκιος

201 712 344 795 έτιμᾶτο,
376 707 427 777 οἷα
449 706 550 795 όγεῖας
568 708 674 797 δοτῆρ.
694 712 745 775 καὶ
765 707 911 797 ῥαφάνων
930 707 1023 793 νόμος
1043 711 1122 775 κατὰ
1138 710 1192 775 τόν
1210 719 1294 794 μῆνα
1405 741 1407 746 ·

200 822 310 881 τοῦτον
331 813 499 898 ἀπέχεσθαι
510 810 679 895 Ῥωμαῖοις.
697 809 856 899 Ἡρακλῆς
871 814 906 878 δέ
924 810 1063 900 όχρόνος
1077 814 1160 897 παρὰ
1176 821 1219 901 τῷ
1233 820 1294 879 Νι-

200 916 326 1005 κομάχῳ
349 917 479 1005 εἴρηται,
506 914 586 979 illd
605 914 668 999 μὴν
682 918 732 979 καὶ
747 914 847 997 ἥλιος,
872 916 985 1001 λέγοντι
998 916 1096 993 οὕτως
1107 913 1126 937 “
1133 913 1293 1003 Ἡρακλῆς
1308 939 1337 994 p·
1354 924 1390 989 93

176 1021 258 1105 ὁμέν
271 1013 325 1084 οὖν
340 1016 356 1085 ό
372 1020 427 1103 τὴν
438 1020 506 1103 περὶ
521 1018 574 1083 τόν
585 1017 661 1104 άέρα
674 1015 781 1083 κλάσιν
793 1024 830 1103 τῇ
843 1024 904 1083 τῶν
915 1014 1001 1105 ὡρῶν
1012 1026 1177 1105 περιτροπῇ
1190 1018 1295 1085 ποιοό·

199 1148 300 1206 μενος,
313 1122 465 1188 τουτέστιν
475 1118 587 1204 illaec?
613 1120 663 1185 διὸ
675 1120 715 1204 δὴ
730 1122 782 1185 καὶ
795 1122 827 1184 έν
839 1126 901 1197 τοῖς
913 1118 1022 1187 τοότου
1035 1124 1213 1207 μυστηρίοις
1224 1123 1295 1201 τοός

200 1224 332 1312 άρρευας
348 1226 529 1309 γυναικείαις
542 1228 665 1300 στολαῖς
681 1218 856 1307 κοσμοῦσιν,
882 1220 934 1289 ἅτε
950 1223 989 1308 δὴ
1004 1224 1037 1301 έξ
1050 1221 1226 1310 ἀγριότητος
1244 1229 1297 1302 καὶ

200 1327 324 1412 άγονιάς
341 1333 397 1411 τῆς
410 1325 488 1392 κατὰ
505 1325 557 1391 τόν
572 1331 709 1410 χειμῶνα
728 1324 897 1413 ἀρχομένου
916 1333 971 1391 τοῦ
986 1333 1190 1413 σπερματικοῦ
1205 1324 1295 1394 τόκου

200 1428 404 1513 θηλύνεσθαι.
435 1430 485 1493 καὶ
499 1435 595 1495 ταῦτα
612 1429 667 1511 μέν
685 1434 727 1516 τῷ
743 1427 811 1516 έαρι
827 1430 955 1495 ἐτέλουν.
976 1430 1046 1518 τρία
1066 1430 1101 1493 δέ
1117 1428 1199 1517 αὐτῷ
1212 1437 1296 1514 μῆλα

158 1545 194 1600 10
203 1534 234 1598 έν
252 1539 291 1619 τῇ
306 1537 378 1622 λαιᾷ
394 1541 462 1598 ταῖν
472 1542 575 1618 χεροῖν
589 1538 646 1614 τῆς
658 1529 772 1618 χρόνου
791 1529 830 1595 δι’
849 1530 944 1597 αὐτοῦ
959 1531 1162 1617 άναμερέοειος
1178 1530 1296 1615 σόμβο-

200 1641 270 1700 λον·
295 1641 392 1718 μῆλον
413 1634 469 1717 μέν
488 1635 548 1721 γὰρ
565 1634 617 1699 διὰ
632 1634 688 1717 τὴν
702 1635 780 1721 πρὸς
793 1633 846 1699 τὸν
860 1635 966 1721 καιρόν
979 1635 1073 1701 αὐτοῦ
1089 1633 1294 1716 συμπάθειαν,

199 1736 282 1825 ἀρχὴ
296 1739 330 1802 δέ
344 1734 457 1825 χρόνον
474 1739 577 1825 έαριυὴ
592 1734 700 1823 τροπή.
725 1738 775 1801 καὶ
792 1735 892 1813 ἄλλοις
903 1739 938 1802 δέ
950 1739 1029 1824 τρέα,
1056 1736 1102 1801 ότι
1116 1739 1261 1824 τριμερὴς
1277 1735 1294 1803 ὃ

196 1838 318 1927 χρόνος.
339 1835 458 1924 ἀνάγειν
473 1842 507 1905 δὲ
521 1841 639 1925 λέγεται
653 1840 706 1904 τόν
720 1838 796 1905 κόνα
808 1840 862 1905 τόν
872 1842 1054 1927 τρικέφαλον
1067 1842 1100 1904 έκ
1112 1848 1166 1905 τοῦ
1180 1840 1295 1921 Ἅιδου,

200 1942 249 2007 ὅτι
272 1943 476 2031 φρουρητικὸς
498 1944 547 2007 καὶ
569 1942 750 2026 λυμαντικός
771 1938 915 2029 ὅχρόνος
937 1943 1038 2031 ὥσπερ
1054 1943 1094 2026 δὴ
1106 1945 1156 2005 καὶ
1171 1940 1188 2006 ὁ
1204 1942 1296 2010 κόων.

157 2056 192 2115 15
202 2056 282 2132 τρεῖς
298 2047 332 2111 δέ
348 2046 430 2135 αὐτῷ
445 2046 578 2133 κεφαλαί
580 2092 590 2124 ,
617 2044 635 2110 ό
654 2071 687 2111 τε
709 2046 875 2131 παρελθὼν
889 2042 972 2111 καλό
986 2045 1110 2121 ένεστὼς
1124 2048 1173 2109 καὶ
1192 2043 1297 2128 ὁμιλ-

200 2152 262 2212 λαιν
283 2147 398 2233 καιρός.
424 2150 475 2213 καὶ
495 2147 594 2225 άλλως
618 2148 652 2213 δὲ
673 2148 712 2213 τὰ
727 2152 798 2235 τρῖα
810 2154 894 2231 μῆλα
910 2151 1036 2232 ληπτέον
1050 2151 1098 2213 inl
1110 2145 1297 2237 Ἡρακλέους

200 2248 278 2314 κατὰ
299 2250 471 2337 φιλόσοφον
492 2247 613 2335 δόγμα,
639 2249 685 2316 ὃτι
705 2250 761 2328 τάς
783 2261 864 2339 τρεῖς
880 2250 1041 2338 περιόδους
1053 2248 1069 2316 ὃ
1082 2249 1170 2338 ’ἣρως
1183 2250 1297 2329 άνόσας

199 2358 256 2418 τοῦ
268 2358 435 2439 πρακτικοῦ
448 2354 518 2435 βιόα
531 2354 643 2428 τέλειος
655 2350 728 2417 εἶναι
741 2356 833 2418 δοκεῖ.
857 2351 953 2439 ταότη
965 2357 1016 2419 καῖ
1027 2356 1202 2441 τριέσπερος
1215 2357 1297 2438 λέγε-

200 2479 252 2519 ται
273 2455 353 2519 κατὰ
371 2454 582 2543 Λυκόφρονα
611 2455 687 2542 φησὶ
708 2451 790 2543 γόρ”
817 2457 996 2542 τριεσπέρου
1016 2460 1144 2533 λέοντος,
1170 2456 1204 2521 όν
1224 2484 1297 2523 ποτε

155 2553 331 2641 εογνόθοις
345 2558 500 2644 Τρίτωνος
518 2554 664 2640 ἧμάλαψε
683 2554 838 2643 κάρχαρος
857 2557 965 2622 κόων.”
991 2558 1026 2623 τό
1048 2561 1108 2644 γὰρ
1123 2563 1202 2644 τρισὶ
1215 2564 1296 2635 νυξὶν

199 2654 357 2749 έσπάρθαι
378 2659 432 2726 τόν
453 2658 612 2747 Ἡρακλέα
629 2656 763 2743 μυθικόν
787 2662 876 2725 ἔστιν.
907 2659 1012 2744 Ἥβην
1034 2663 1075 2743 δέι
1089 2665 1296 2748 καλλίσφυρον

272 2856 287 2908 1
306 2849 445 2919 ’Aeonum
462 2868 504 2905 om
519 2850 553 2906 Ρ.
625 2824 628 2829 ⁴
651 2822 653 2827 V
675 2844 799 2911 έπένικος
815 2850 849 2905 Ρ.
968 2852 987 2907 4
1003 2850 1088 2920 λέγων
1104 2854 1166 2907 PV=
1185 2856 1293 2911 corr-S.

268 2922 400 2988 ὁκρῖιτιν
414 2922 523 2975 Hosius.
593 2914 741 2986 Βάγονῖας
754 2920 918 2975 Οιεοτεταει
934 2915 1052 2990 άηορῖας
1066 2922 1100 2975 V.
1171 2924 1204 2979 16
1220 2926 1296 2993 μῆλα

269 2992 322 3055 add
336 2990 370 3046 Ρ.
474 2992 508 3046 19
524 2988 684 3060 Lycophron
698 2989 743 3043 3³.
1085 2997 1088 3002 '

268 3161 313 3215 46.
348 3164 382 3217 Α.
404 3163 433 3216 d.
454 3161 583 3217 8'Nouas
601 3157 705 3230 Apriles
722 3157 852 3214 Hercules
875 3157 970 3213 Victor
994 3159 1144 3229 colebatur,
1171 3167 1217 3217 tan
1236 3181 1295 3219 uam

199 3229 323 3287 unitatis
337 3232 424 3285 detor.
440 3239 469 3284 et
480 3229 604 3301 raphanis
618 3230 668 3282 boc
681 3247 770 3282 mense
783 3229 917 3283 abstinere
929 3230 1055 3283 Romanis
1069 3249 1124 3284 mos
1137 3240 1205 3287 erat.
1251 3253 1294 3287 er-

199 3299 273 3353 cules
287 3307 373 3352 autem
386 3306 520 3369 tempusa
533 3299 692 3353 Nicomacho
706 3298 793 3351 dictus
810 3306 866 3367 est,
888 3315 980 3352 verum
996 3307 1024 3352 et
1037 3300 1091 3367 sol,
1114 3301 1153 3353 ita
1174 3302 1294 3356 dicente:

198 3363 353 3421 “Hercules
375 3368 458 3437 igitur
479 3368 502 3421 is
526 3376 582 3435 est,
608 3367 653 3437 qui
678 3367 834 3420 tractionem
855 3383 923 3437 quae
939 3368 967 3419 in
985 3369 1047 3421 aire
1063 3369 1095 3421 fit
1111 3378 1295 3438 tempestatum

198 3436 375 3519 conversione
399 3436 497 3512 elficit,
510 3437 612 3521 ‘idest
630 3432 703 3519 sol.’'
737 3436 805 3487 banc
825 3436 945 3518 nimirum
967 3439 1001 3490 ob
1024 3447 1173 3521 causemet
1192 3439 1294 3494 ineius

198 3506 508 3643 titillet-<15:2⁰
509 3523 607 3627 itt?
609 3508 715 3627 {illl}
726 3511 839 3643 illidit
855 3522 962 3643 {titt
969 3515 1103 3626 ilidii
1112 3507 1250 3629 ltili?
1267 3517 1297 3630 il

199 3641 267 3695 baec
287 3643 346 3695 veri
365 3644 526 3697 tribuebant.
561 3643 614 3695 tria
635 3649 721 3695 autem
744 3642 770 3694 ei
796 3642 906 3695 malain
925 3659 1002 3694 mauu
1022 3641 1144 3708 sinistra,
1167 3646 1296 3714 temporis

199 3726 269 3780 quae
286 3728 336 3781 per
353 3728 412 3765 eum
429 3711 461 3765 fit
475 3711 625 3781 partitionis
641 3711 756 3778 signum:
782 3710 875 3764 malum
896 3711 965 3763 enim
982 3712 1016 3763 ob
1034 3711 1091 3763 eius
1114 3728 1171 3765 cum
1192 3722 1295 3783 tempe·

200 3787 271 3832 state
290 3798 459 3847 consensum,
484 3780 587 3834 initium
608 3788 694 3833 autem
715 3779 841 3849 temporis
860 3779 1000 3832 solstitium
1015 3796 1135 3833 vanum.
1150 3785 1153 3789 ’
1170 3788 1199 3834 et
1214 3800 1294 3851 prae-

198 3854 277 3901 teres
296 3850 365 3917 tria,
390 3848 513 3920 quoniam
532 3848 692 3918 tripartitum
709 3856 822 3917 tempus.
856 3850 969 3901 educere
990 3855 1077 3901 autem
1092 3849 1188 3902 dicitur
1203 3869 1294 3905 cenem

198 3915 343 3986 tricipitem
359 3935 392 3971 ex
409 3918 541 3985 Tartaro,
560 3918 630 3987 quod
648 3917 781 3987 proprium
799 3922 841 3969 est
855 3917 981 3999 temporis
999 3924 1030 3970 ut
1047 3919 1178 3971 custodiat
1192 3928 1221 3973 et
1232 3938 1293 3974 cor-

198 3991 318 4069 rumpat?
343 3988 557 4056 quemadmodum
571 3985 698 4039 -nimirum
719 3993 748 4039 et
764 3984 851 4038 canis:
879 3993 932 4038 tna
952 3992 1038 4039 autem
1062 3986 1087 4038 ei
1109 3988 1198 4056 capita
1223 3999 1294 4060 sunt,

199 4060 370 4124 praetentum
392 4072 519 4124 praesens
544 4062 572 4108 et
592 4057 705 4108 futurum
728 4060 841 4122 tempus.
876 4063 905 4107 et
921 4063 1059 4124 praetem
1073 4055 1126 4108 tria
1143 4056 1208 4110 mala
1221 4060 1292 4111 acci-

200 4123 296 4191 pienda
313 4124 342 4175 in
358 4123 473 4178 Hercule
495 4143 528 4177 ex
548 4120 645 4194 placito
658 4122 859 4193 philosophico,
883 4127 954 4191 quod
976 4124 1061 4177 tribus
1083 4126 1200 4193 periodis
1220 4128 1294 4182 vitae

201 4194 329 4260 operosae
346 4193 461 4261 peractis
478 4193 557 4247 beros
572 4194 704 4263 perfectus
722 4208 782 4245 esse
795 4192 912 4245 videtur.
946 4210 1028 4262 quare
1043 4199 1071 4245 et
1087 4194 1226 4249 trinoctius
1241 4214 1292 4249 vo-

201 4268 291 4323 catur,
319 4270 427 4314 auctore
453 4262 644 4344 Lycopbroae3
670 4260 738 4317 dicit
760 4261 829 4313 enim
853 4255 995 4315 “trinoctii
1010 4261 1108 4329 leonis,
1136 4281 1213 4332 quem
1232 4264 1293 4319 olim

201 4326 310 4379 maxillis
327 4328 448 4383 Tritonis
464 4331 580 4400 perdidit
592 4348 671 4400 asper
683 4326 788 4382 cauis.''
822 4327 907 4382 tribus
925 4332 994 4384 enim
1007 4331 1126 4384 noctibus
1140 4342 1292 4401 generatum

201 4412 260 4449 esse
277 4390 417 4450 Herculem
434 4400 581 4455 labadosum
598 4408 649 4455 est.
683 4399 780 4455 Heben
800 4402 886 4453 autem
905 4400 1029 4472 pulchros
1044 4399 1114 4454 talos
1131 4403 1176 4470 (s.
1189 4404 1291 4473 pedes)

240 4476 350 4531 Ιοσιιοιι
369 4476 467 4547 lydus.
