3125 4959
264 466 314 537 86
660 468 833 539 IOANNIS
854 469 959 540 LYDI

263 636 320 711 οὖν
337 644 387 708 καί
402 650 466 719 τοῖς
480 640 558 727 πρὸς
570 646 631 708 τών
653 638 752 710 ἄλλων
769 641 1023 726 ε’πιιιομιζομίνοις
1036 642 1083 709 tut
1096 640 1152 723 τὴν
1166 638 1255 707 πόλιν
1266 640 1356 727 ἧκόν-

167 772 196 824 p.
213 755 249 809 99
265 751 340 828 τιζε,
366 744 462 831 ταύτῃ
482 741 694 830 οῗωνισιίμενος
717 747 770 813 διὰ
791 747 903 823 παντὸς
923 748 1017 830 αὐτὴν
1037 748 1071 810 ἐκ
1091 752 1147 830 τῆς
1165 753 1226 811 τών
1241 744 1357 824 ἔξωθεν

262 854 472 935 ἓπαυξηθῆναι
492 846 671 927 συνδόσεως,
697 851 748 914 καὶ
759 850 824 932 μετ’
841 850 935 933 ὀλίγα.
964 855 1084 915 πολλῶν
1098 851 1132 913 δὲ
1145 850 1237 927 ξίνων
1250 857 1357 916 συνελ-

261 953 383 1020 θόντων
408 956 440 1017 ἓν
460 952 538 1037 αὐτῇ
545 999 556 1030 ,
578 951 607 1016 oi
623 958 676 1018 τοῦ
686 950 844 1036 Ῥωμύλου
859 950 986 1037 λογάδες
997 953 1052 1036 τὴν
1064 950 1203 1036 ἡμίσειαν
1216 959 1271 1035 τῆς
1284 952 1356 1019 ίαν-

261 1064 322 1123 τών
338 1055 471 1139 κτήσεως
486 1065 549 1131 τοῖς
563 1054 688 1137 ἐπήλυσι
702 1054 933 1142 παρεχώρησαν,
962 1060 1083 1139 οίκῆσαι
1100 1054 1156 1139 τὴν
1167 1051 1285 1139 Ῥώμην
1299 1056 1381 1122 ani-5

260 1160 333 1236 τοὺς
350 1161 519 1233 πείσαντες·
546 1156 601 1233 oiic
620 1154 637 1220 ὃ
652 1154 807 1241 Ῥωμύλος
824 1161 1001 1247 πατρικίους
1020 1156 1160 1245 πρώτους
1176 1158 1357 1246 ἀνηγόρευσε

261 1263 314 1329 διὰ
326 1263 361 1327 τὸ
379 1262 560 1346 εὐπατρίδας
574 1260 717 1345 γενέσθαι
733 1264 785 1326 ναί
799 1260 854 1345 τὴν
868 1260 980 1329 ἑαυτῶν
997 1265 1171 1349 περιουσίαν
1184 1273 1247 1339 τοῖς
1262 1264 1358 1341 ’ξίνοις

260 1362 337 1451 ὑπὲρ
352 1372 405 1445 τῆς
419 1366 565 1447 πατρίδος
578 1366 742 1431 ἐπιδοῦναι.

360 1462 467 1548 'Iliaci
486 1472 540 1530 τοῦ
552 1461 708 1547 Ῥωμιίλου
723 1456 835 1553 μήτηρ.

362 1568 423 1636 51.
470 1568 522 1633 Ἐκ
535 1568 591 1649 μὲν
604 1573 659 1650 τῆς
673 1564 838 1633 ὁποιασοῦν·
851 1566 930 1651 πρὸς
943 1564 1009 1631 ἴνια
1021 1574 1081 1633 τῶν
1095 1564 1194 1645 ξίλων
1205 1570 1356 1656 παρατρί-
1364 1578 1400 1632 10

257 1687 344 1753 ψεως
366 1668 466 1756 κόρεις
485 1673 633 1755 γίνονται,
659 1670 692 1735 in
714 1671 748 1734 δὲ
768 1669 883 1745 παντὸς
901 1666 994 1756 οὔρου
1014 1668 1143 1751 ψόλλαι,
1167 1680 1255 1751 μυῖαι
1270 1673 1356 1750 tte}

258 1770 417 1837 ἇποπιίτου
431 1771 451 1855 η’·
466 1776 518 1837 καί
529 1772 623 1855 ι’ίλλης
634 1774 818 1858 θερμασίας.
837 1769 939 1856 Ῥώμη
960 1776 1077 1860 Φλώρα
1089 1775 1140 1839 καί
1156 1768 1176 1856 ἦ
1190 1774 1358 1840 Itomae·

259 1874 430 1951 τινοιίπολις
444 1873 548 1962 ἤγουν,
574 1876 725 1942 ducena.

704 2070 742 2124 Μ
755 2070 778 2123 A
793 2071 812 2122 1
828 2068 854 2123 0
870 2067 905 2125 Σ.

362 2187 422 2254 52.
477 2184 524 2250 Oai
549 2184 662 2272 μικρὰν
681 2185 712 2249 ἓν
734 2182 882 2270 ἀριθμοῖς
896 2181 1065 2263 ἐδείκνυμεν
1076 2178 1132 2265 τὴν
1144 2186 1199 2266 τῆς
1210 2178 1355 2271 τετράδος
1364 2199 1399 2255 15

258 2288 407 2373 δύναμιν,
426 2290 464 2372 ἣν
480 2287 518 2352 ι’ίν
532 2314 579 2363 τις
592 2290 644 2352 καί
658 2287 821 2373 τετρακτὺν
835 2286 886 2349 καὶ
904 2287 1062 2370 πυραμίδα
1080 2286 1222 2364 καλίσοι,
1247 2312 1356 2373 τετρα·

256 2395 331 2459 asaia
348 2395 404 2477 μίν
426 2392 504 2456 κατὰ
525 2390 580 2455 τὸν
599 2397 661 2457 τών
674 2390 828 2473 στοιχείων
842 2386 924 2474 δρον,
947 2389 1106 2475 πυραμίδα
1119 2389 1153 2452 δὲ
1166 2388 1244 2458 κατὰ
1259 2389 1313 2454 τὸν
1326 2393 1358 2453 ἓν

255 2499 375 2589 θεωρία
396 2492 501 2579 λόγον·
527 2490 548 2576 ἡ
569 2494 630 2581 γὰρ
650 2494 785 2580 πυραμίς
798 2488 858 2556 iul
875 2486 1031 2577 τεσσάρων
1046 2489 1167 2571 βάσεων
1183 2494 1234 2554 καὶ
1248 2489 1358 2556 τεσσά-

256 2626 320 2685 ρων
341 2606 455 2683 γωνιιῦν
477 2595 555 2679 μόνη
578 2596 771 2683 περιεχομένη
778 2641 788 2671 ,
810 2594 861 2656 καί
883 2589 989 2677 πρώτη
1006 2598 1095 2675 τριχῇ
1114 2591 1261 2675 διαστιίτη
1279 2592 1357 2659 κατὰ

183 2744 185 2747 -
258 2702 293 2767 τὸ
309 2702 591 2783 στοιχειωδέστατον
604 2704 658 2763 τοῦ
674 2694 822 2785 τριγώνου
838 2694 987 2773 ἐπίπεδον,
1012 2690 1054 2771 ὦς
1068 2690 1085 2758 ὃ
1101 2692 1234 2761 Πλάτων
1249 2699 1280 2761 ίν
1297 2702 1399 2764 Τι-θθ

322 2928 356 2979 10
379 2927 429 2993 τῆς
449 2920 539 2977 doccia
559 2924 599 2993 V,
625 2922 676 2991 τῆς
695 2916 857 2989 ἀνθρώπων
875 2919 988 2975 Ηεεὶοτι
1126 2921 1159 2975 15
1181 2920 1297 2991 τριάδος
1318 2922 1352 2976 Ρ.

324 2998 357 3049 19
374 2990 584 3063 τριχηλιοιστοίτη
601 2994 643 3061 V,
661 2988 864 3062 τριχιλιαστοίτη
880 2990 919 3042 P:
939 3007 1000 3044 corr
1014 2988 1148 3043 Nokltius.

257 3196 361 3264 glebam
377 3195 410 3247 sb
428 3192 527 3247 exteris
544 3191 618 3245 urbis
634 3190 755 3260 partibus
768 3206 822 3242 ιιτιιι
837 3206 896 3242 cum
912 3188 947 3243 iis
964 3206 1032 3259 quae
1047 3208 1064 3243 a
1080 3189 1189 3263 reliquis
1204 3195 1351 3251 afferebffl.

257 3274 301 3317 tur
321 3266 447 3317 aduersus
464 3265 555 3314 urbem
572 3260 745 3328 coniiciebat,
769 3259 819 3312 hac
839 3276 870 3311 re
885 3267 1026 3327 auguratus
1042 3270 1172 3330 perpetuo
1189 3281 1247 3317 eam
1263 3275 1351 3319 extra.

255 3350 364 3387 neotum
382 3333 505 3385 confluxu
521 3337 625 3384 auctum
642 3329 690 3397 iri,
707 3329 787 3399 idque
805 3346 857 3380 non
874 3328 954 3381 multo
970 3339 1039 3398 post.
1075 3329 1150 3384 multi
1161 3342 1248 3386 autem
1261 3333 1351 3404 hospi-

254 3411 296 3457 tes
309 3403 358 3455 ubi
375 3408 554 3455 convenertmt
566 3400 594 3453 in
608 3416 679 3465 cam,
702 3398 806 3451 Romuli
821 3398 917 3450 milites
933 3398 1011 3451 electi
1024 3406 1126 3468 purtem
1141 3400 1274 3457 dimidiam
1289 3420 1353 3455 suae

255 3472 431 3555 possessionis
452 3468 609 3523 adventiciis
630 3473 834 3534 concesserunt,
861 3475 1032 3547 posteaquam
1054 3468 1089 3521 iis
1111 3479 1301 3537 persuaserunt
1323 3478 1353 3524 ut

256 3541 402 3593 incolerent
415 3542 538 3601 Romam3
556 3556 622 3607 quos
635 3535 761 3591 Romulus
775 3534 901 3605 patrimus
913 3537 1011 3605 primos
1026 3539 1195 3608 nuncupavit,
1211 3548 1353 3609 propterea

256 3610 327 3681 quod
341 3609 445 3728 γγοοίίεε
461 3610 569 3728 ίαριιιιιί
581 3614 609 3660 et
621 3623 681 3661 suus
694 3604 834 3662 facultate
849 3605 947 3658 exteris
960 3624 1009 3676 pro
1022 3606 1111 3676 patria
1123 3617 1320 3664 concesserunt.

327 3680 340 3731 I
361 3696 376 3731 a
406 3678 618 3731 Romuimater.
1402 3713 1405 3716 -

326 3720 390 3801 51.’
405 3748 450 3799 Ex
472 3746 566 3814 quovis
589 3746 623 3798 ad
647 3744 770 3800 nonnulla
787 3742 860 3811 ligna
875 3742 980 3797 affricta
1004 3743 1109 3797 cimices
1124 3745 1206 3811 liunt,
1232 3763 1266 3798 ex
1283 3747 1351 3799 omni
1408 3755 1412 3759 “

256 3816 333 3869 urina
348 3816 464 3885 pulices,
482 3832 585 3867 muscae
604 3828 669 3867 vero
687 3833 721 3868 ex
736 3813 796 3867 alvo
812 3811 899 3867 alioue
915 3817 1019 3885 lepore.
1053 3814 1138 3868 Romu
1153 3816 1236 3869 Flora
1252 3816 1350 3883 (νοω-

255 3890 318 3955 tur)
336 3893 365 3940 et
378 3884 485 3955 Cpolis‚
502 3884 530 3937 id
544 3890 586 3938 est
598 3884 707 3958 florens.

706 4050 900 4107 Malus,

324 4156 368 4209 62.
403 4157 480 4210 Haud
502 4172 611 4225 parvam
631 4155 660 4209 in
681 4156 797 4209 numeris
819 4155 1052 4208 demonstravimus
1077 4153 1348 4223 montiacensem,

180 4224 182 4232 ’
255 4238 336 4292 quam
353 4224 411 4293 quis
436 4235 465 4279 et
483 4224 681 4293 quatenaionem
700 4236 729 4277 et
747 4224 910 4293 pyramidem
927 4224 1080 4288 vocaverit,
1100 4223 1296 4291 quaternionem
1315 4245 1347 4278 cx

255 4292 442 4345 elementorum
458 4295 584 4362 termino,
605 4295 766 4363 pyramidem
785 4312 818 4346 ex
833 4293 954 4359 ratione,
972 4310 1039 4359 quac
1055 4291 1084 4341 in
1099 4292 1218 4345 doctrina
1234 4296 1348 4348 obtinet:
1362 4346 1366 4351 ,

255 4361 371 4431 pyramis
389 4362 472 4426 enim,
490 4378 558 4429 quae
574 4372 697 4432 quattuor
709 4363 816 4417 basibus
833 4371 861 4415 et
873 4370 999 4430 quattuor
1011 4358 1112 4427 augulis
1124 4360 1180 4413 sola
1192 4364 1348 4426 continetur,

255 4439 285 4483 et
306 4430 392 4500 prima
413 4430 511 4500 triplici
536 4434 613 4485 modo
636 4432 718 4485 distat
742 4432 817 4485 iuxta
836 4428 1053 4501 simplicissimum
1067 4429 1190 4501 trianguli
1204 4433 1346 4503 planitiem,
