3125 4959
239 404 315 476 282
452 426 454 431 ·
643 401 813 471 IOANNIS
843 400 946 468 mil

238 572 301 635 τού
333 564 435 644 κυνάς
467 561 618 651 ἐτιτολῆς
651 564 696 652 μὴ
729 566 786 635 καὶ
813 563 966 649 περιττὸν
996 564 1046 652 εἴη
1075 557 1181 649 λέγειν
1208 562 1253 643 άς
1278 566 1337 650 τῆς

237 666 374 753 ἡλιακῆς
403 663 629 753 άναπτομέυης
655 664 861 753 θερμότητος
887 670 1047 733 λυττύσιν
1072 668 1106 733 οἱ
1132 664 1244 744 κύνες,
1279 664 1360 733 καὶ.

238 774 338 836 τούτο
367 772 425 853 τῆς
453 766 654 851 ἀναιρέσεως
686 767 798 836 αύτοίν
826 765 961 851 γέγονεν
989 770 1113 847 αἴτιον,
1146 764 1193 846 oie
1220 764 1263 833 άν
1290 765 1335 851 μὴ

239 867 415 947 δάκνοντες
445 865 639 953 αὐαιρῶσιν.
682 867 878 955 άνάβλύζειν
908 867 944 935 δὲ
969 869 1099 953 πέφυκε
1124 867 1180 934 καὶ
1195 864 1245 933 Ιτά
1274 874 1335 933 θα·
1382 870 1386 875 ’

230 969 352 1037 ’λάττια
381 968 488 1037 ύδατα
515 970 553 1037 ἐν
579 968 775 1057 ύρισμέναις
802 969 865 1038 τισὶ
895 974 1051 1045 περιόδοις,
1089 968 1267 1052 άνθρωτοί
1299 977 1361 1051 γεσ

238 1070 304 1156 μὴν
327 1072 459 1154 νεύροις
480 1070 503 1159 ἢ
523 1080 651 1160 κεφαλῇ
672 1072 694 1160 ἢ
713 1062 770 1141 καὶ
793 1070 876 1159 αύτῇ
897 1079 937 1159 τῇ
961 1074 1077 1152 διανοίᾳ
1098 1071 1258 1139 taumate.
1288 1070 1338 1134 αἴ-

236 1194 343 1256 γειροι
362 1172 423 1257 μὲν
442 1174 506 1258 γάρ
528 1176 590 1253 καὶ,
604 1172 734 1241 πτελέαι
755 1173 828 1255 περὶ
848 1178 898 1243 τὰς
919 1175 998 1249 ἡλίοο
1020 1170 1126 1249 roonis
1148 1168 1338 1255 μεταβάλλειν

238 1277 291 1349 τήν
312 1277 411 1363 νόμην
431 1276 631 1361 πεφύκασιν,
670 1282 731 1359 (8)
755 1274 774 1342 ὁ
796 1274 832 1342 δὲ
852 1274 1025 1361 λεγόμενος
1045 1273 1174 1367 γληχων
1193 1268 1255 1339 ὑπ’
1276 1267 1339 1337 αύ-

236 1374 298 1459 min
319 1375 381 1463 τήν
401 1386 452 1438 τοῦ
479 1379 557 1453 ἡλίου
577 1377 695 1445 θάλλει
714 1375 858 1463 τροπήν·
891 1374 912 1461 ἡ
940 1377 975 1444 δὲ
1002 1372 1200 1461 ἡλιύτροιιος
1219 1377 1338 1441 καλου-

236 1475 319 1562 μένη
349 1476 472 1564 βοτάνη
501 1482 572 1553 πρὸς
598 1482 650 1554 τήν
672 1478 806 1565 ἡλιακὴν
825 1477 1080 1563 μεταστρέφεται
1103 1476 1233 1563 φοράν,
1267 1473 1381 1540 civi-10

237 1597 349 1664 σχοντι
378 1576 467 1663 αύτῷ
495 1578 551 1644 καὶ
579 1576 720 1661 δυομένῳ
752 1587 1002 1652 συμμετατιθεῖσα
1029 1579 1067 1647 τύ
1097 1583 1213 1665 σχῆμα.
1262 1574 1339 1659 περὶ

237 1679 301 1765 γάρ
323 1685 391 1748 τῶν
413 1678 551 1747 ἐναλίων
571 1677 717 1758 τούτων,
744 1676 867 1755 ὀστρέων
891 1673 958 1756 λέγω
979 1680 1034 1747 καὶ
1054 1685 1169 1766 χημύν
1189 1677 1246 1746 καλ
1265 1698 1339 1744 κτε·

237 1788 308 1847 νῶν
331 1782 388 1849 καὶ
408 1807 476 1849 τιιν
503 1782 627 1861 άλλων,
661 1781 771 1861 οὐδεὶς
799 1782 1042 1870 ἀμφισβητεῖται
1063 1782 1107 1843 ὅτι
1128 1780 1260 1861 αὔξεται
1282 1776 1339 1845 καὶ

238 1884 421 1969 σνμφθίνει
448 1889 519 1962 ταῖς
547 1888 753 1970 σεληνιακαῖς
781 1885 922 1971 φύσεσιν
954 1883 997 1971 oie
1023 1889 1073 1944 καλ
1099 1885 1135 1943 τά
1163 1890 1220 1943 τῶν
1242 1883 1338 1966 μνῶν

237 1984 346 2079 ἥτατα
373 1984 429 2051 καὶ
458 1990 593 2050 πλεῖστα
620 1984 731 2068 ἕτερα,
767 1986 843 2070 περὶ
873 1978 922 2053 οἷν
950 1977 987 2053 ’ἐν
1014 1992 1085 2064 τοῖς
1114 1984 1189 2067 ascl
1216 1985 1337 2055 Μινύα
1347 1986 1381 2041 16

237 2094 415 2172 γραφεῖσιν
443 2083 523 2170 ἡμῖν
552 2084 754 2171 διελάβομεν.
776 2116 777 2121 ’
798 2086 884 2171 πρὸς
911 2086 1040 2165 τούτοις
1061 2081 1272 2170 ἐμιτρησμούς
1290 2084 1340 2166 γλ·

218 2202 354 2256 -νεσθαι
376 2191 566 2275 συμβαίνει,
587 2188 711 2275 ὅτανὴ
732 2189 853 2276 σελήνη
875 2188 948 2255 κατ’
972 2189 1116 2270 ἔλλειψιν
1136 2184 1204 2253 sind
1219 2182 1340 2268 Ἀρεοις

237 2295 407 2377 θεωρηθῇ.
457 2287 503 2368 οἱς
531 2288 595 2374 γάρ
627 2288 712 2357 αύτά
739 2288 819 2357 καθ’
851 2288 953 2356 ἑαυτά
982 2287 1023 2354 τά
1050 2286 1149 2373 γήϊνα
1177 2280 1339 2368 δηλωτικά

236 2392 386 2477 τυγχάνει
407 2395 474 2458 τοῖν
495 2390 678 2475 ἐσομένων,
699 2389 853 2475 περιττὸν
872 2389 913 2457 άν
927 2392 976 2473 εἴη
988 2391 1219 2472 μακρηγορεῖν.
1257 2380 1339 2448 ὅταν

227 2492 296 2578 μὲν
318 2495 434 2576 ἱδρούν
455 2492 478 2575 ἢ
499 2491 656 2576 δακρύειν
677 2494 761 2578 δοκῇ
781 2490 822 2557 τά
845 2488 1048 2575 άγάλματαῆ
1060 2486 1198 2564 εἰκόνες,
1219 2481 1380 2569 diemo

234 2594 373 2678 κάμινος
393 2592 416 2677 ἢ
437 2592 532 2670 luvris
555 2591 860 2675 περιπεφραγμένας
887 2588 1055 2673 ἐκλάμφη,
1085 2585 1213 2663 στάσεις
1234 2582 1338 2670 ipepo-

233 2700 326 2773 λλους
356 2693 486 2762 άτιειλεῖ.
529 2691 552 2778 ἢ
574 2693 654 2760 ὅταν
675 2691 819 2776 ποταμοὶ
840 2689 898 2767 τάς
919 2689 1047 2755 ἑαυτῶν
1066 2684 1249 2770 ύιιερχέιοσι
1269 2688 1339 2753 κοτ’-

234 2819 308 2872 τας,
330 2795 454 2881 ἔφοδον
474 2795 640 2877 πολεμίων
662 2792 860 2877 φράζουσιν.
903 2792 939 2856 αἱ
958 2788 1022 2874 γάρ
1045 2786 1197 2870 ἱδρύσεις
1214 2792 1338 2872 ττροβα-

234 2897 331 2963 τείων
353 2894 544 2981 σπλάγχνων
558 2897 590 2962 τί
604 2897 839 2981 σημαίνουσιν,
862 2891 972 2971 οὐδεὶς
989 2892 1109 2977 άγνοεῖ.
1151 2889 1241 2974 ἣκαλ
1256 2886 1338 2956 ὅταν

306 3032 321 3083 1
354 3027 397 3095 εἴη
434 3029 471 3079 (λι
509 3030 557 3080 sed
587 3029 658 3081 forte
693 3030 831 3095 legendum
865 3020 894 3095 ᾖ.
944 3027 1007 3079 vide
1039 3041 1120 3093 supra
1149 3024 1201 3077 279
1231 3022 1258 3077 5.
1298 3024 1337 3077 Η.

306 3100 340 3152 13
357 3093 570 3164 άμφισβητή...
588 3098 622 3150 C.
703 3098 881 3151 euocasse.
964 3096 1049 3148 21an
1066 3089 1339 3162 κερττεφρυγμένοςλ

304 3169 339 3221 22
356 3167 451 3227 κοίλοις
462 3164 552 3234 vulgo.

235 3303 458 3357 supervacaneum
476 3284 511 3338 sit
525 3282 630 3353 dicere,
655 3302 766 3338 accenso
780 3283 843 3338 solis
861 3288 937 3337 aestu
955 3282 982 3335 in
998 3283 1097 3336 rabiem
1115 3284 1158 3351 agi
1177 3300 1271 3347 canes,
1294 3282 1337 3335 id-

236 3374 289 3425 que
306 3356 445 3408 occisionis
462 3372 551 3408 eorum
565 3356 658 3408 sectam
673 3374 731 3407 esse
745 3372 863 3420 causam,
881 3373 914 3406 ιιο
929 3353 981 3421 ipsi
997 3371 1084 3408 morsu
1100 3352 1217 3405 hoiiiines
1234 3352 1336 3409 tollant.

237 3425 324 3477 solent
347 3436 374 3477 et
398 3424 514 3477 inariune
537 3442 621 3494 aquae
640 3426 744 3477 fervere
761 3424 839 3477 statis
857 3423 1033 3490 temporibus,
1059 3431 1087 3474 et
1104 3423 1219 3475 homines
1237 3420 1337 3486 nervis,

237 3494 346 3561 capite,
366 3494 426 3562 ipsa
446 3501 550 3561 mente,
575 3494 742 3546 commoveri.
778 3492 881 3563 populis
904 3492 1032 3559 ulmisque
1057 3491 1085 3545 id
1106 3493 1176 3544 inest
1198 3499 1292 3543 natura
1307 3495 1338 3539 ut

236 3562 301 3615 folia
316 3562 429 3616 solstitio
443 3561 629 3631 circumagant.
665 3565 720 3630 (8)
736 3564 816 3615 floret
832 3562 903 3642 quod
920 3560 1052 3631 appellant
1066 3560 1197 3630 pulegium
1212 3560 1261 3611 sub
1277 3556 1336 3638 ipso

235 3630 364 3685 solstitio:
390 3632 473 3684 herba
496 3649 564 3699 quae
586 3641 696 3686 vocatur
712 3630 911 3700 heliotropium,
937 3632 971 3683 ad
994 3630 1106 3698 solarem
1128 3630 1338 3682 circumvertitur

237 3709 349 3767 motum,
374 3701 477 3753 oriente
494 3700 538 3752 illo
556 3707 584 3753 et
600 3702 713 3755 abeunte
728 3700 843 3753 habitum
862 3698 939 3752 simul
954 3708 1068 3752 mouns.
1104 3717 1162 3751 nam
1179 3700 1213 3750 de
1229 3693 1337 3747 marinis

237 3770 295 3833 luis,
322 3769 418 3821 ostreis
433 3770 531 3823 chamis
546 3770 722 3841 pedunculis,
749 3770 873 3837 reliquis,
898 3785 973 3820 nemo
990 3770 1094 3838 estqui
1112 3762 1338 3834 ambigentium

238 3837 412 3891 varietatibus
432 3839 524 3908 augeri
548 3857 580 3891 ee
603 3857 634 3891 ac
655 3857 745 3892 rursus
764 3839 859 3891 minui:
885 3839 948 3907 quin
972 3846 1001 3889 et
1020 3838 1133 3891 soricum
1155 3834 1287 3888 iecuscula
1309 3837 1339 3885 et

237 3905 428 4028 plurinomia,
447 3909 479 3961 de
497 3907 592 3977 quibus
612 3909 639 3960 in
651 3909 755 3979 scripto
771 3916 862 3960 nostro
877 3908 918 3972 lle
935 3907 1068 3959 meusibus
1086 3906 1195 3975 egimus.
1231 3908 1339 3973 praeter

256 3993 317 4043 aec,
341 3974 464 4027 incendia
481 3978 540 4030 ficri
556 3977 702 4046 contingit,
726 3977 829 4045 quaudo
847 3976 908 4029 luua
922 3974 1043 4028 laborans
1062 3979 1110 4038 surb
1127 3975 1214 4026 lllarte
1230 3969 1337 4040 conspi-

209 4069 211 4072 ·
238 4044 316 4098 citur.
352 4062 411 4097 nam
429 4046 566 4099 terrestria
584 4065 632 4115 per
654 4065 683 4099 se
704 4045 756 4100 vim
775 4048 873 4099 habere
895 4044 1096 4116 praenuntiandi
1112 4045 1215 4108 futura,
1241 4057 1338 4093 vereor

237 4131 272 4165 ne
296 4130 487 4182 supervacuum
511 4114 546 4167 sit
572 4116 689 4186 pluribus
715 4116 872 4168 edisserere.
907 4114 984 4181 signo
1009 4121 1055 4167 aut
1078 4112 1216 4165 simulacra
1232 4112 1337 4178 quaudo

238 4183 334 4235 stidore
356 4181 398 4235 vel
421 4184 487 4235 llere
511 4185 647 4252 videntur,
673 4192 719 4237 aut
741 4187 835 4237 fornax
856 4183 998 4236 lucernave
1018 4180 1187 4234 circumclusa
1207 4178 1337 4248 siquando

238 4251 365 4317 eluxerit,
383 4259 467 4303 motus
485 4252 513 4305 id
529 4254 621 4306 civiles
639 4253 761 4306 minatur.
797 4271 885 4306 amnes
901 4262 977 4305 extra
994 4252 1084 4304 alveos
1101 4249 1277 4302 redundantes
1294 4248 1336 4301 in-

238 4336 341 4373 cursum
365 4319 477 4374 hostium
498 4320 625 4375 indicant.
661 4324 771 4376 ειιδοτει
790 4323 921 4375 viseerum
940 4323 1076 4373 ovinorum
1099 4318 1163 4401 quid
1179 4316 1338 4387 significent,

239 4406 314 4445 nemo
334 4395 376 4444 est
392 4390 439 4460 qui
453 4389 563 4446 nesciat.
598 4392 672 4462 putei
689 4395 793 4463 qumdo
809 4410 905 4464 aquam
919 4390 1051 4447 turbidam
1066 4395 1205 4458 emittunt,
1227 4404 1272 4441 res
1288 4404 1339 4458 pu-
