3125 4959
496 397 546 506 'm
571 436 730 511 rinnon
751 437 809 503 nr
829 435 1044 506 osrsnrrs.
1246 433 1319 506 395

229 601 366 690 γμαὶταν·
382 607 493 685 politia
560 615 604 662 est
607 607 796 683 principium
809 615 837 662 et
848 601 1025 664 consuetudo
1039 619 1156 663 raum..
1192 613 1222 664 at
1238 605 1318 664 enim

230 687 307 773 ἀρχή
323 689 442 751 hicnon
454 692 638 769 principium
648 690 703 750 sed
710 693 915 769 principatus,
936 691 1107 768 imperinm,
1126 693 1257 766 regimen
1271 711 1319 748 re·

231 797 301 834 rum
316 778 406 836 valet.
449 787 478 834 et
500 779 643 834 llusterns
661 779 694 833 in
714 767 1109 853 SnidaadV.'Enepoim11
1130 777 1230 838 7960
1255 777 1319 849 illa,

230 863 284 924 irc
296 858 352 942 τήν
366 859 498 940 ἄναρχον
511 856 640 941 ὕπαρξιν
652 856 782 945 μηνύσῃ,
805 863 892 920 vertit
907 863 959 935 sic,
979 871 1014 918 nt
1026 859 1321 937 substantiamprin-

230 949 308 1023 ceptio
320 957 467 1003 carentem
477 945 635 1016 indicaret,
657 945 730 1005 dans
745 965 777 1004 se
799 944 894 1026 (quod
905 948 1007 1006 mirari
1019 947 1090 1004 licet
1101 947 1133 1002 in
1145 955 1227 1002 tanto
1240 944 1318 1022 viro)

230 1032 377 1089 infantem
397 1030 557 1088 admodum
575 1035 606 1087 in
622 1029 692 1089 fidei
711 1040 829 1089 nostrae
849 1033 947 1090 rebus.
988 1051 1060 1089 nam
1076 1032 1172 1108 primo
1189 1023 1320 1108 ὕπαρξις,

230 1135 292 1174 non
318 1115 485 1174 substantia
509 1127 570 1188 est,
592 1115 646 1175 sed
667 1117 837 1173 existentia:
861 1114 968 1174 deinde
987 1113 1024 1174 de
1042 1125 1188 1174 servatore
1207 1125 1318 1190 nostro,

232 1200 270 1257 de
284 1219 343 1280 quo
355 1200 405 1259 bic
419 1221 527 1275 sermo,
550 1199 609 1258 dici
621 1221 683 1259 non
698 1212 796 1280 potest
812 1203 1038 1279 comprincipia
1051 1220 1160 1274 carere,
1182 1197 1320 1279 quaudo-

231 1285 356 1364 quidem
373 1296 457 1365 pater
475 1297 519 1345 est
537 1288 715 1364 principium
729 1286 800 1360 lilii,¹
822 1296 964 1364 paterque
979 1287 1060 1344 solus
1076 1288 1256 1364 principimn
1274 1294 1320 1342 est

231 1373 297 1428 sine
319 1374 474 1450 principio.
517 1373 725 1449 quamobrem,
747 1374 890 1452 quoniam
909 1372 962 1428 illo
984 1371 1051 1429 loco
1065 1373 1162 1448 agitur
1175 1368 1212 1428 de
1224 1380 1321 1430 aeter·

231 1457 324 1513 nitate
344 1458 444 1530 verbi,
466 1475 585 1513 versum
598 1458 752 1535 oportebat
768 1465 803 1512 nt
820 1456 1098 1514 notmanniam
1113 1467 1257 1534 expertem
1272 1457 1321 1514 in·

231 1540 355 1598 dicaret.
400 1542 546 1618 Georgius
567 1542 786 1620 Trapezuntins
808 1551 924 1615 autem,
952 1542 985 1598 in
1007 1538 1165 1600 Rhetorica
1186 1543 1226 1604 96
1245 1542 1270 1598 Β
1291 1549 1322 1598 et

234 1627 338 1687 1100
370 1624 518 1684 disseram
539 1623 576 1684 de
595 1624 710 1684 duobus
731 1627 879 1704 prioribus
898 1627 971 1684 locis
992 1635 1084 1684 status
1105 1627 1321 1698 coniecturalis,

230 1711 273 1791 τῷ
295 1715 515 1794 παραγραφινῷ
534 1722 564 1769 et
581 1717 645 1784 τοῖς
660 1705 716 1773 dn'
733 1705 829 1789 αρχῆς
844 1707 913 1789 ἄχρι
928 1709 1043 1782 τέλους,
1065 1695 1322 1768 illudi-eonstitu-

230 1813 312 1864 nem,
333 1793 390 1852 hoc
403 1796 686 1872 comprehensionem
694 1799 800 1855 Latine
812 1806 913 1868 vocat,
932 1795 1053 1860 vnullum
1066 1796 1203 1868 omnino,
1225 1806 1258 1853 nt
1270 1815 1321 1854 so-

229 1877 289 1952 let,
310 1880 469 1936 verborum
480 1884 667 1958 propriorum
681 1880 827 1938 adhibens
840 1879 1008 1939 delectum:
1031 1891 1075 1938 est
1089 1881 1169 1937 enirn
1182 1875 1215 1942 eo*
1229 1902 1322 1960 παρα·

229 1961 377 2044 γραφικόν
387 1967 583 2041 praescriptio
594 1967 681 2022 iuxta
693 1966 816 2023 Curium
827 1965 1070 2022 Fortunatianum
1083 1963 1131 2022 ed.
1146 1961 1225 2022 Pitb.
1238 1964 1278 2028 56
1286 1967 1320 2036 0,

230 2059 282 2105 ant
288 2051 507 2127 praescriptive
521 2052 666 2127 quaestio,
687 2047 768 2129 qnod
782 2047 872 2106 habet
887 2047 970 2110 idem
982 2050 1071 2128 paulo
1085 2068 1191 2128 snpra:
1211 2044 1247 2110 ed
1264 2043 1321 2112 ἐπ’

231 2129 325 2211 ἀρχῆς
346 2131 414 2214 ἄχρι
435 2135 537 2208 τέλους
556 2145 689 2193 autema
706 2135 794 2192 Curio
813 2135 1023 2192 Fortunatiano
1041 2135 1117 2199 560
1136 2136 1323 2212 appellantur

230 2239 309 2296 quae
323 2231 395 2276 sum
405 2219 446 2277 ab
459 2221 543 2276 initio
555 2219 716 2293 adfinem,
738 2221 902 2298 aSulpicio
919 2222 1036 2278 Victore
1051 2220 1113 2288 258
1127 2221 1148 2277 0
1169 2241 1191 2278 a
1208 2241 1323 2278 sumnia

229 2303 274 2360 ad
292 2305 400 2373 imunu
420 2325 436 2361 a
453 2305 552 2362 Natali
565 2306 680 2362 Comite
693 2303 731 2363 de
744 2307 880 2363 terminis
894 2301 1047 2363 rhetoricis
1062 2306 1102 2366 68
1117 2305 1139 2362 0
1161 2315 1323 2384 quaesunt

229 2410 251 2445 a
268 2390 421 2466 principio
440 2409 534 2468 usqae
554 2389 599 2446 ad
607 2390 720 2464 finem,
741 2391 778 2447 ab
794 2391 861 2448 aliis
875 2393 994 2448 Graecis
1012 2385 1049 2450 roi
1069 2385 1185 2465 sistito,
1207 2391 1289 2471 velut
1304 2409 1323 2447 a

230 2474 358 2551 Syriano
375 2473 435 2538 144
448 2477 490 2548 B,
512 2485 563 2533 aut
578 2472 616 2536 eci
633 2480 742 2556 σημεῖα
757 2474 867 2549 1460,
890 2495 907 2532 a
928 2475 1100 2532 Marcellino
1120 2473 1249 2555 denique
1271 2471 1320 2532 etl.

230 2557 414 2621 Aldaettsn
432 2556 590 2640 πράγματα
604 2559 656 2622 καὶ
669 2564 785 2640 σημεῖα.
827 2571 895 2618 sunt
916 2571 1017 2640 antem
1033 2579 1086 2617 eae
1102 2579 1176 2640 quas
1195 2563 1323 2617 circnm-
1353 2615 1355 2618 .

229 2631 358 2700 slantias
379 2663 499 2725 qnoque
517 2644 660 2720 dicimus,
681 2637 884 2726 περιστάσεις,
906 2647 1048 2725 quoniam
1062 2647 1180 2723 sbrgula
1194 2647 1323 2701 circum-

230 2730 339 2786 sistunt
357 2733 494 2807 negotist
515 2751 624 2808 nempe
645 2721 835 2810 quaestiones
856 2733 923 2810 quis
931 2729 946 2788 ‘l
968 2727 1062 2810 qnid'l
1086 2727 1158 2808 quii
1181 2725 1322 2807 quando'l

231 2810 306 2869 curi
327 2811 400 2870 ubit
422 2825 622 2917 vocanturque
645 2811 682 2877 roi
703 2809 760 2877 ain’·
780 2809 875 2896 α’ρχῆς
889 2811 957 2896 ἄχρι
970 2813 1086 2886 τέλους,
1108 2814 1179 2890 quia
1195 2811 1322 2881 offeram
1377 2883 1380 2891 ,

231 2917 297 2955 sese
311 2904 464 2978 πανταχοῦ
477 2903 533 2962 τοῦ
546 2906 649 2980 λογον.
677 2910 833 2980 totumque
851 2899 888 2958 de
905 2902 966 2959 illis
981 2908 1069 2975 caput
1082 2901 1324 2975 praetermissum

230 3003 326 3061 paene
342 2994 387 3042 est
401 3005 418 3040 a
432 2988 474 3042 lo.
489 2983 558 3043 Chr.
571 2988 690 3044 Ernesti
703 2987 736 3043 in
749 2989 863 3044 bexico
878 2984 1037 3060 diligenter
1051 2985 1219 3063 ceteroquin
1234 2981 1324 3041 ador-

230 3079 302 3125 nato
323 3067 530 3147 technologiae
548 3069 713 3129 rhetoricae
728 3073 924 3141 Graecormn3
947 3086 1038 3149 quare
1048 3069 1080 3124 in
1095 3087 1130 3125 eo
1144 3066 1323 3146 exponendo

230 3154 322 3228 paulo
335 3155 379 3209 sni
394 3155 522 3233 longior.
557 3166 647 3235 atque
661 3155 738 3212 illud
751 3159 851 3232 ipsum
860 3151 946 3233 'quod
959 3156 1019 3211 iam
1032 3155 1065 3212 in
1079 3147 1323 3216 consuetudinem

232 3236 340 3291 abiisse
361 3236 449 3294 video
471 3240 550 3316 apud
570 3243 700 3316 logicos,
717 3249 817 3314 petere
830 3241 1029 3318 principium,
1046 3239 1149 3315 petilio
1166 3240 1322 3318 principii,

232 3319 352 3399 quando
376 3331 426 3378 arrt
448 3326 633 3399 postulamus
648 3334 698 3380 out
713 3327 798 3402 quasi
815 3343 987 3382 concessum
1004 3324 1182 3381 assumimus
1195 3321 1228 3379 id
1242 3321 1322 3402 quod

230 3416 293 3462 erat
311 3407 396 3463 initio
417 3417 655 3482 controversum,
678 3428 718 3465 ex
734 3411 913 3468 Aristoteliis
927 3407 993 3484 bis,
1016 3408 1109 3470 αἰτεῖν
1128 3402 1160 3468 td
1181 3406 1213 3468 ἒν
1234 3401 1322 3494 cippi,

228 3492 333 3568 λαβεῖν
357 3486 390 3553 ro*
412 3489 445 3554 ἒν
468 3484 547 3579 cippi
569 3493 628 3570 [sc.
644 3486 964 3574 ἇμφισβητονμεναν],
987 3493 1102 3569 αἴτησις
1115 3495 1172 3553 τοῦ
1185 3491 1217 3554 ἐν
1235 3487 1322 3577 cippi,

230 3579 325 3653 λῆψις
345 3579 399 3636 τοῦ
418 3576 451 3638 ἐν
468 3571 546 3664 cippi
567 3579 626 3656 [sc.
645 3572 967 3660 ἆμφιαβητονμένοαῙ,
989 3577 1115 3635 saeculis
1132 3578 1324 3638 tenebricosis

231 3662 269 3718 ab
293 3659 415 3718 homine
437 3662 549 3739 ferreo,
577 3685 675 3744 neque
698 3667 730 3722 in
755 3663 911 3742 disciplina
937 3663 1035 3739 logica
1056 3680 1154 3741 neque
1174 3665 1206 3720 in
1228 3665 1323 3723 literis

231 3748 352 3804 Graecis
380 3743 542 3806 admodum
570 3749 701 3823 erudito,
731 3753 763 3807 in
793 3743 999 3826 fingendisque
1024 3749 1176 3806 vocabulis
1201 3748 1239 3806 ad
1259 3752 1322 3808 vim

230 3842 386 3910 prompto,
409 3832 565 3890 confictum
582 3856 647 3894 esse
666 3836 800 3893 arbitror.
844 3842 877 3889 ut
897 3835 979 3889 enim
998 3843 1126 3891 scrutere
1146 3853 1249 3892 omnes
1270 3835 1322 3914 qni

232 3917 270 3974 de
290 3914 453 3996 quaerendi
472 3935 506 3973 ac
524 3916 689 3978 disserendi
711 3919 866 3996 disciplina
882 3918 987 3975 Latine
1003 3921 1110 3997 scripta
1126 3920 1319 3998 reliquerunt,

231 4023 292 4059 non
307 4003 435 4080 reperies
457 4000 603 4080 (opinor)
625 4003 879 4063 benedictionem
895 4012 963 4060 ante
978 4005 1167 4062 vincentium
1179 4007 1320 4062 Bellova-

232 4107 367 4163 censem,
388 4089 465 4143 circa
486 4105 514 4142 a.
530 4088 612 4153 1244
628 4091 758 4161 clarum,
781 4090 834 4166 qni
848 4098 970 4167 usurpat
985 4087 1169 4147 Bibliotheca
1183 4087 1321 4150 nrundi2

232 4175 350 4246 273E,
378 4169 479 4234 2741}
501 4169 549 4229 ed.
570 4174 663 4232 Dnac.
682 4186 712 4233 et
731 4175 804 4232 alibi
824 4193 923 4251 saepo.
966 4173 1037 4233 inde
1058 4185 1159 4232 antem
1179 4187 1241 4232 tam
1261 4176 1320 4230 lete

232 4260 380 4329 manmit,
403 4258 487 4313 utin
509 4276 612 4338 eorum
633 4278 751 4340 quoque
774 4260 883 4337 scripta
908 4261 1063 4318 insinuarit
1080 4280 1145 4319 sese
1161 4264 1213 4339 qui
1228 4269 1321 4315 artem

231 4360 302 4396 vera
324 4363 358 4398 ac
379 4342 456 4398 falsa
478 4341 662 4400 dijudicandi
678 4346 830 4402 venustius
846 4354 934 4425 atque
951 4348 1097 4425 copiosius
1112 4353 1320 4422 tractaverunt.

234 4425 314 4483 velut
335 4429 367 4484 in
387 4425 497 4485 Adami
515 4431 614 4488 Bursii
633 4429 826 4488 Dialecticam
846 4432 995 4492 Ciceronis
1010 4434 1073 4496 310
1085 4434 1126 4506 A,
1149 4431 1210 4494 399
1226 4429 1266 4502 C,
1291 4439 1321 4486 et
