3125 4959
606 376 665 444 DE
689 373 906 446 OSTENTIS.
1237 369 1310 444 347

217 554 347 638 χρηστοί
361 555 417 619 τοῦ
429 544 656 633 πολιτεόματος.
705 547 746 614 τὰ
760 548 796 614 δὲ
809 550 910 636 μίτρην
924 543 943 628 ἢ
959 551 1090 634 σταθμῷ
1107 544 1312 630 ἀποδιδόμενα

222 656 281 738 οὐχ
298 656 355 733 ίξει
370 655 405 719 τό
423 656 545 718 δίκαιον.
596 648 718 718 πάντων
732 652 766 716 δὲ
777 652 931 737 βαρυτέρα
944 647 1029 716 ἕσται
1045 646 1065 732 ἦ
1079 651 1197 736 περὶτὰ
1214 649 1312 734 δημό-

107 781 111 786 ·
223 783 277 823 σια
296 757 463 839 τελίσματα
486 753 622 837 σπουδή,
643 757 675 818 οἵ
697 779 730 819 τε
751 751 840 837 νόμοι
855 749 1198 840 καταφρονηθήσονται,
1219 757 1269 818 καὶ
1284 753 1313 818 οἳ

224 863 317 943 δῆμοι
340 861 372 936 ἔξ
393 859 517 944 ἀλογίας
534 852 799 944 ταραχθήσονται,
824 857 875 922 καί
897 854 1066 932 ἐκπαντὸς
1085 851 1199 942 τρόπου
1223 859 1274 922 καὶ
1296 853 1316 940 ἦ

198 968 278 1028 broii
295 967 371 1028 θεοῦ
387 959 579 1044 δειχθήσεται
595 957 682 1048 ὀργή.
795 979 796 982 ’

326 1064 386 1132 51.
430 1061 566 1140 Ἤλιος
589 1061 781 1151 σκορπίῳ.
815 1057 889 1127 όταν
913 1059 946 1125 δέ
969 1058 1103 1146 σκορπίῳ
1126 1057 1245 1144 γίνηται
1253 1105 1264 1139 ,
1291 1062 1319 1126 εί

223 1165 303 1231 κατὰ
319 1165 444 1251 δένδρον
459 1167 651 1250 κατενεχθείη
665 1159 810 1253 κεραυνός
815 1210 826 1243 ,
851 1169 981 1229 πλοῦτον
994 1163 1049 1244 μὲν
1062 1171 1125 1238 τοῖς
1136 1163 1250 1249 κυρίοις
1263 1168 1319 1226 τοῦ

224 1269 350 1354 δίνδρου
367 1269 577 1353 ἐπαγγέλλεται
583 1315 594 1348 ,
618 1268 654 1333 τδ
674 1269 707 1334 δὲ
722 1265 885 1354 γεωργικόν
903 1262 1156 1348 ἐλαττωθήσεται.
1207 1264 1289 1329 ἐπικί
1302 1302 1320 1314 -

224 1373 314 1448 δυνος
334 1371 368 1437 δὲ
387 1373 437 1436 καί
457 1367 474 1437 ὃ
495 1376 590 1450 πλοῦς
606 1369 710 1451 ibent,
733 1371 786 1435 seul
803 1370 907 1454 συχνοὶ
922 1368 971 1433 tul
982 1373 1039 1452 τῆς
1054 1363 1217 1450 θαλάσσης
1233 1367 1320 1432 ianr·

184 1480 347 1541 1οσοὕνεαι
370 1475 528 1560 κεραυνοί,
556 1471 687 1560 sandyce}
708 1498 742 1538 τε
764 1472 864 1538 πολλδ
884 1468 1083 1554 συμβήσεται.
1135 1473 1161 1536 εί
1183 1470 1218 1535 δὲ
1240 1469 1318 1534 κατὰ

223 1577 371 1660 δημοσίου
382 1574 477 1643 τόπου
489 1576 633 1661 ἐνσκήψει
646 1573 802 1664 κεραυνός,
826 1577 946 1650 νεανίας
958 1573 1083 1658 ἀναιδὴς
1096 1578 1152 1656 τῆς
1162 1575 1319 1652 βασιλείας

222 1676 420 1763 ἐπιλάβηται,
441 1678 568 1747 ἄσεότων
579 1683 631 1745 καί
645 1676 857 1769 διεφθορότων
870 1673 1090 1764 συντρεχόντων
1102 1675 1196 1762 αὐτῷ.
1246 1679 1273 1740 εἰ
1285 1675 1320 1739 δὲ

222 1781 303 1847 κατὰ
326 1789 433 1865 τειχῶν
457 1784 649 1866 κατενεχθείη
670 1778 843 1868 κεραυνός,
855 1780 1007 1863 πολέμους
1020 1781 1053 1844 ἐκ
1069 1784 1130 1844 τῶν
1148 1774 1319 1863 πλησιοχοί·

223 1909 286 1970 ρων
302 1887 353 1950 καί
366 1883 492 1972 φθορὰν
506 1892 544 1971 τῇ
556 1887 677 1974 νεολαίρ
692 1884 821 1948 δεδιέναι
833 1879 906 1969 χρή.
958 1882 986 1946 οἶ
1002 1882 1037 1948 di
1048 1881 1183 1964 πολίμιοι
1198 1883 1321 1968 μυρίοις

183 1994 215 2050 15
224 1992 430 2053 είσπεσοῦνταε
441 1997 560 2066 κακοῖς,
586 1983 629 2065 ὡς
644 1985 781 2076 εὐκταῖον
794 1984 898 2061 αὐτοῖς
911 1991 1096 2067 νομισθῆναι
1110 1984 1162 2049 τδν
1173 1981 1321 2048 θάνατον.

317 2089 459 2167 Ἥλιος
483 2085 634 2176 τοξότῃ.
669 2076 743 2154 ὅταν
766 2089 800 2153 δὲ
820 2085 906 2170 ἣλιος
924 2087 972 2151 ἐπὶ
990 2083 1114 2170 τοξότην
1133 2086 1253 2170 γίνηται
1259 2132 1269 2162 ,
1295 2086 1321 2148 εί

223 2195 415 2270 κατενεχθείη
439 2191 585 2274 κεραυνὸς
601 2193 649 2266 ἐπὶ
663 2191 755 2274 ὕλην,
780 2189 979 2277 ἐμπρησμοὺς
993 2199 1060 2266 ταῖς
1073 2191 1180 2253 ναυσίν
1199 2186 1321 2256 ἀπειλαί.

223 2292 251 2354 εί
264 2291 298 2355 δὲ
312 2292 359 2355 ἐπὶ
373 2297 512 2371 ποταμοῦ
525 2292 734 2374 κατενεχθείη,
759 2294 909 2374 πολίμους
922 2293 973 2358 καί
987 2292 1158 2374 ναυμαχίας
1172 2292 1322 2374 σημαίνει,

223 2388 266 2470 ὡς
287 2390 419 2480 ἐρήμους
437 2392 569 2469 πολλοὺς
590 2394 623 2457 ἐκ
641 2398 696 2475 τῆς
716 2389 860 2474 τοιαότης
875 2391 988 2477 ε’φόδου
1005 2395 1157 2476 γενέσθαι.
1208 2395 1325 2472 κίνησιν

181 2496 259 2560 wile*
279 2496 335 2580 οόχ
353 2494 464 2579 ἥκιστα
484 2494 758 2582 δπειλείΠερσῶν,
783 2493 962 2570 κυλίνδεται
974 2502 1042 2570 ταῖς
1056 2493 1324 2578 πολιορκουμένοις

222 2595 282 2664 inb
302 2601 452 2679 πολεμίων
475 2596 606 2664 πόλεσιν.
657 2601 685 2664 εί
707 2597 743 2663 dd
764 2595 922 2685 πρδςταῖς
937 2592 1026 2678 ἡλίου
1045 2598 1175 2678 δυσμαῖς
1191 2592 1323 2678 σκηπτδς

223 2702 435 2784 κατενεχθείη,
467 2701 634 2788 ίμηυλίους
658 2699 799 2783 σημαίνει
824 2695 942 2783 μάχας·
978 2697 1049 2762 ἀλλ’
1074 2697 1128 2762 οὐκ
1151 2701 1194 2774 είς
1208 2695 1322 2784 χρόνον

224 2801 424 2886 terestrem:
445 2802 485 2868 τὸ
506 2810 561 2888 τῆς
582 2804 748 2886 διχονοίας,
768 2804 923 2890 κρείττονα
940 2799 1074 2868 δὲ’ἴσται
1091 2801 1130 2866 τὰ
1145 2797 1320 2888 πράγματα,

226 3084 228 3087 Ι
290 3006 435 3075 θόπλοῦς
449 3011 483 3066 C.
561 3009 620 3075 ,15
638 2983 752 3066 τόκτίον
768 3011 804 3067 0.

224 3199 429 3252 removebuntur
450 3215 480 3252 re
501 3197 617 3270 publica.
652 3215 721 3268 quae
741 3215 863 3253 mensure
880 3204 908 3252 et
923 3198 1041 3269 pendere
1061 3196 1253 3263 divendnntur,
1279 3196 1319 3248 in-

224 3276 293 3319 stum
307 3284 359 3319 nou
376 3267 519 3322 habebunt.
554 3266 667 3320 omnium
681 3270 767 3321 autern
783 3268 966 3337 gravissimum
983 3267 1035 3321 erit
1052 3265 1217 3335 vectigalium
1235 3265 1321 3334 publi-

224 3352 314 3388 corum
335 3339 432 3389 acerba
450 3336 568 3390 exactio:
590 3345 789 3391 contemnentur
807 3338 896 3406 leges,
917 3337 1002 3391 tribus
1027 3335 1116 3406 populi
1140 3333 1251 3386 Romani
1274 3335 1321 3388 de—

223 3403 323 3458 mentia
341 3407 531 3472 tunbabuntnr3
555 3406 625 3458 omni
641 3407 717 3459 modo
735 3407 847 3463 numinis
864 3407 905 3460 ira
917 3403 1138 3460 manifestabitur.

294 3471 337 3525 51.
373 3473 429 3524 Sol
446 3474 641 3545 scorpione.
676 3472 731 3527 sule
744 3474 910 3545 scorpionem
924 3475 1044 3542 ingresse
1061 3471 1085 3524 si
1098 3470 1126 3523 iu
1140 3471 1259 3524 arborem
1273 3472 1321 3524 de·

223 3543 310 3597 fertur
322 3539 433 3607 fulmen,
450 3543 609 3611 opulentiam
622 3541 760 3614 pollicetur
773 3544 885 3598 dominis
903 3541 1020 3606 arboris,
1036 3542 1082 3593 sed
1099 3539 1258 3608 agricultura
1275 3540 1323 3592 ini·

222 3611 364 3665 minuetur.
399 3610 547 3679 periculosa
563 3612 615 3666 erit
632 3613 783 3681 navigatio,
802 3613 902 3667 crebris
918 3628 989 3663 nitere
1005 3608 1154 3662 fulminibus
1171 3609 1322 3678 impetretur,

223 3677 363 3748 naufragia
387 3677 467 3732 mults
490 3681 564 3736 fient.
599 3681 694 3752 quodsi
713 3681 796 3736 locum
820 3681 950 3752 publicum
972 3696 1050 3732 ruens
1071 3678 1191 3748 tetigerit
1214 3678 1322 3746 fulmen,

222 3749 374 3804 adolescens
392 3757 532 3816 protervus
547 3751 721 3822 principatum
738 3751 862 3815 invadet,
881 3748 1094 3802 concurrentibus
1109 3749 1143 3801 ad
1161 3765 1217 3801 eum
1227 3745 1322 3830 perdi-

222 3819 259 3873 tis
283 3829 311 3872 et
332 3817 524 3871 contaminatis.
559 3819 583 3872 si
601 3819 630 3873 in
649 3837 735 3872 muros
758 3821 878 3882 defertur
901 3817 1012 3886 fubuen,
1037 3818 1132 3870 bellum
1150 3836 1165 3870 e
1182 3817 1277 3870 uicinia
1296 3822 1323 3867 et

224 3889 312 3942 clades
335 3886 399 3970 pubi
422 3887 570 3940 metuenda.
604 3904 695 3942 verum
713 3889 804 3943 hostes
821 3886 849 3940 in
866 3885 934 3941 mala
950 3885 1053 3941 infinita
1073 3887 1204 3954 incident,
1229 3896 1258 3939 ut
1272 3883 1322 3936 iarn

223 3974 293 4010 mors
310 3956 362 4010 illus
380 3955 529 4026 exoptando
543 3955 674 4011 rideatur.

294 4026 356 4078 Sol
378 4023 582 4093 sagittario.
615 4026 673 4079 sole
687 4024 852 4094 sagittarium
871 4023 990 4094 ingresso
1008 4024 1031 4077 si
1048 4022 1155 4076 fulmine
1177 4021 1245 4075 silva
1261 4029 1320 4072 tun-

223 4095 308 4164 gitur,
328 4096 439 4148 uteribus
455 4091 601 4145 incendium
618 4095 762 4148 minitetur·
798 4093 893 4145 fulmen
910 4094 934 4146 si
950 4095 979 4146 in
994 4095 1090 4147 flunmen
1104 4093 1236 4155 defertur,
1252 4088 1322 4142 bellu

224 4172 379 4233 prrugnnsque
394 4162 501 4217 navales
514 4160 660 4230 significet,
676 4175 705 4217 nt
722 4181 755 4214 ex
773 4162 824 4215 bac
838 4161 988 4216 incursione
1001 4162 1075 4216 multi
1089 4163 1147 4214 orbi
1161 4158 1241 4212 futuri
1257 4157 1319 4210 siut.

226 4249 274 4283 nee
289 4233 394 4285 minium
410 4239 506 4285 metum
523 4228 674 4283 Parthicum
690 4233 818 4299 minatur,
842 4233 1029 4301 penuriamque
1051 4231 1203 4284 civitatibus
1221 4229 1254 4279 ab
1272 4227 1318 4279 lio—

225 4299 309 4354 stlbus
328 4303 453 4356 obsessis.
488 4297 583 4368 quodsi
595 4296 659 4350 solis
673 4317 792 4353 occasum
807 4318 898 4354 versus
916 4300 957 4355 vis
978 4301 1093 4354 fulminis
1112 4300 1246 4362 defertur,
1271 4313 1319 4363 ρα-

142 4396 145 4402 ·
224 4387 291 4439 gnus
307 4370 400 4424 civiles
416 4369 563 4440 significat:
589 4383 639 4421 nee
654 4375 742 4423 umen
754 4368 782 4423 in
799 4377 901 4442 tempus
916 4371 1045 4426 dissensio
1063 4371 1236 4442 producetur,
1254 4364 1320 4418 inei-
