3125 4959
410 452 468 519 DE
486 450 822 521 MAGISTRATIBUS
840 454 878 521 P.
894 453 935 521 ll.
960 454 1038 534 [ΑΒ.
1058 454 1118 523 lll.
1228 454 1301 527 243

206 630 261 708 τῆς
276 620 382 712 ἀρχῆς.
432 631 494 690 τῶν
513 632 586 711 γοῦν
604 626 764 691 δικανικῶν
781 619 918 713 ῥητόρων
937 624 1011 701 τοδς
1031 623 1174 711 ἀρίστους
1189 626 1235 691 tut
1248 628 1304 712 τὴν

205 726 304 813 ἀρχὴν
318 722 488 816 προόφιρε·.
511 730 568 793 καί
578 751 649 793 ποτε
666 728 744 815 πρὸς
758 735 814 811 τῆς
828 733 962 813 γαμετῆς
977 726 1137 815 Ἀριάδνης
1155 728 1305 813 δχλοόμε·

205 856 258 907 νος
272 829 423 920 Ἆνθιμίη)
437 836 481 919 τῶ
497 828 656 913 Ἀνθεμίου
677 838 732 896 τοῦ
751 828 871 914 Ῥῶμης
884 828 1136 911 βεβασιλευκότος
1148 835 1234 897 παιδὶ
1248 833 1304 916 τὴν

205 931 304 1019 ἀρχὴν
317 934 477 1019 ίγγειρίσαι
492 930 706 1020 ἠγανάκτησεν,
731 933 823 999 είπῶν
837 934 871 998 δὲ
880 933 1012 1015 μηδενός
1026 931 1046 1017 ἢ
1060 933 1163 1018 μόνων
1175 940 1303 1020 λογικῶν

179 1033 294 1112 edelar
311 1034 383 1101 εἶναι
397 1036 453 1119 τὴν
465 1035 665 1123 δπαρχότητα.
715 1034 798 1113 ὅπως
813 1037 847 1102 δὲ
860 1033 998 1121 ἠρυθρία
1012 1037 1069 1120 τὴν
1083 1034 1196 1123 ἀρχήν,
1223 1034 1303 1123 γνῶ-

205 1139 293 1205 σεταί
312 1164 359 1216 τις
378 1140 411 1204 ἐκ
430 1134 548 1205 τοότου.
594 1135 722 1225 Ἑρμίας
737 1164 783 1216 τις
798 1148 862 1217 τοῖς
874 1139 1000 1215 Λυδίας
1017 1142 1214 1227 σκρινιαρίοις
1229 1166 1304 1206 συν·
1323 1156 1326 1163 ’

205 1237 434 1325 αριθμοόμενος
446 1238 504 1305 ind
518 1240 638 1329 μίμψιν
651 1243 750 1327 γε’γονε
757 1290 768 1321 ,
799 1242 927 1328 Σεργίου
947 1247 1002 1305 rori
1020 1240 1088 1307 τότε
1102 1244 1159 1325 τὴν
1173 1239 1304 1329 ἀπαρχό-

204 1366 281 1426 τητα
296 1345 449 1421 διέποντος
462 1342 736 1429 ἀγανακτήσαντος.
787 1340 804 1409 δ
822 1346 855 1409 δί
867 1344 1011 1424 βασιλεδς
1023 1346 1101 1429 πρὸς
1113 1353 1168 1428 τῆς
1178 1342 1305 1431 Ἑρμίου

203 1444 321 1533 μητρός
336 1444 519 1529 δχλοόμενος
540 1446 635 1523 notris
654 1449 762 1530 ἐγίνετο
779 1444 832 1511 τόν
852 1443 992 1533 ὕπαρχον
1007 1453 1191 1533 παρακαλῶν
1203 1473 1307 1533 σαρα-

163 1559 197 1612 10
202 1558 313 1634 χωρεῖν
324 1546 451 1638 Ἐρμίη·
481 1550 591 1624 ἐκεῖνος
606 1548 640 1612 δὲ
653 1549 743 1635 μέχρι
758 1548 871 1625 παντὸς
889 1546 1070 1630 ἀνεβάλλετο
1077 1596 1088 1627 ,
1114 1552 1165 1613 καὶ
1180 1546 1197 1612 ό
1211 1556 1306 1631 βασι-

168 1699 172 1705 .
202 1650 272 1727 λεδς
286 1634 429 1729 ἐνεδίδου,
448 1647 503 1733 τήν
515 1675 546 1715 τε
561 1649 657 1736 ἀρχὴν
669 1649 725 1733 τήν
738 1676 770 1717 τε
788 1652 912 1737 Σεργίον
928 1647 1098 1734 σεμνότητα
1110 1651 1306 1739 παρατηροό-

201 1778 308 1835 μενος·
333 1752 438 1837 ἴσχυσε
454 1753 488 1817 δ’
505 1750 589 1836 ὅμως
604 1749 679 1839 δπέρ
696 1755 814 1820 δικαίου
828 1758 1024 1840 παρακαλῶν.
1062 1753 1164 1819 οὔτῶν
1178 1746 1233 1818 cdv
1244 1760 1306 1820 τῶν

203 1855 236 1920 ἓν
257 1852 338 1943 λόγῳ
359 1855 530 1938 ἀμοιβαδὸν
550 1856 605 1938 την
631 1855 730 1942 ἀρχὴν
752 1852 1070 1942 παραλαμβανόντων,
1095 1849 1305 1943 παραδίδωσιν

203 1958 238 2023 ds
256 1965 317 2024 τῶν
338 1959 504 2043 λεγομένων
520 1958 759 2043 Αδγουσταλίων
776 1960 812 2025 οδ
827 1957 962 2041 μάλιστα
980 1969 1044 2036 τοῖς
1064 1955 1165 2044 λόγοις
1185 1958 1306 2044 ι’νίπρε-

163 2075 196 2133 15
206 2086 263 2125 πον
268 2108 287 2140 ,Ι
315 2062 367 2125 καί
389 2061 451 2145 μὴν
471 2064 522 2125 καί
543 2060 748 2147 ταχυγράφων
768 2071 833 2137 τοῖς
855 2058 1059 2142 ἀκολούθοις,
1092 2061 1232 2148 παρείκοι
1252 2062 1305 2125 καί

204 2160 312 2245 λόγους
333 2160 538 2245 παραδιδόναι
559 2166 610 2227 καί
632 2160 795 2251 ἀκροάσεσι
819 2165 980 2247 δημοσίαις
1003 2166 1230 2244 ἐπιδείκνυσθαι
1248 2164 1304 2246 τὴν
1336 2161 1338 2164 ’

204 2255 299 2329 οὖσαν
322 2262 425 2339 αάτοΐς
446 2264 494 2327 lui
515 2272 579 2339 τοῖς
601 2263 703 2349 λόγοις
722 2264 932 2353 παρασκευήν,
962 2272 1058 2355 γερῶν
1079 2272 1112 2333 τι
1133 2264 1170 2331 osi
1186 2272 1305 2353 μικρῶν

203 2362 369 2452 τυγχάνειν.
1020 2382 1022 2385 “

308 2468 368 2537 51.
395 2471 533 2533 Τοιαῦτα
545 2464 600 2548 μίν
614 2492 681 2533 τινα
694 2462 761 2533 τότε
775 2463 948 2556 ἔπρόττετο,
974 2464 992 2533 δ
1009 2469 1044 2533 δι’
1057 2469 1202 2549 βασιλεὺς
1215 2465 1305 2554 ε’τρά-

164 2585 264 2659 ωηια,
281 2581 348 2647 ταῖς
357 2572 503 2656 Μαρίνου
518 2572 681 2656 σερινοιάις
697 2572 835 2637 πλουτῶν
849 2574 901 2636 καὶ
913 2580 981 2648 ταῖς
995 2578 1056 2635 τῶν
1070 2566 1194 2636 διτότων
1207 2571 1304 2658 εὔφη-

205 2676 292 2757 μίαις
303 2670 549 2759 εἰαβρυνόμενος.
602 2670 704 2759 εῗρήνη
719 2674 752 2738 δι’·
763 2680 883 2755 βαθεῖα
892 2674 948 2757 τὴν
962 2680 1064 2738 πᾶσαν
1076 2670 1204 2756 ίχαόνου
1216 2679 1304 2738 πολι-

195 2779 289 2842 ·ιτείαν
295 2824 306 2855 ,
331 2779 382 2841 καὶ
398 2776 453 2858 οὐχ
465 2772 575 2858 ἥκιστα
589 2774 642 2842 τόν
654 2772 842 2863 στρατιώτην
848 2826 858 2855 ,
884 2774 1005 2842 πόντων
1019 2773 1097 2859 δμοῦ
1109 2776 1165 2859 τὴν
1178 2784 1234 2860 τῆς
1245 2777 1304 2840 nd·-

205 2883 262 2963 λῆς
282 2878 439 2971 ’ῥᾳστώνην
460 2876 628 2961 ζηλούντων
649 2880 702 2944 καί
725 2878 896 2948 διωκόντων
916 2880 955 2945 τά
973 2880 1124 2963 βασιλέως
1146 2877 1304 2962 ἐπιτηδεό-

274 3049 434 3175 Ξωμηνητοδς
447 3036 515 3177 (216
528 3049 797 3192 δημξηηηεμοοναίηο.
909 3056 943 3111 13
958 3050 1123 3124 παράδοσιν
1139 3057 1173 3111 c.
1208 3073 1243 3109 an
1259 3055 1305 3111 δί-

645 3143 654 3176 ί
711 3161 719 3178 0

206 3292 262 3329 mos
278 3274 312 3327 ed
328 3274 522 3343 praefecturam
537 3276 643 3341 evexit3
668 3283 748 3347 atque
767 3275 906 3360 aliquando
923 3275 958 3329 ab
975 3291 1058 3330 uxore
1073 3274 1190 3330 Ariadne
1204 3275 1304 3330 sollici·

206 3353 278 3399 tatus
294 3350 323 3396 ut
335 3343 473 3397 Anthemio
489 3346 629 3413 Anthemii,
647 3346 692 3416 qui
702 3348 802 3399 Romae
812 3346 962 3414 smperavit,
979 3346 1034 3399 filio
1048 3349 1242 3415 praefecturam
1256 3348 1304 3400 de·

207 3416 308 3479 ferret,
334 3428 489 3466 succensens
506 3416 608 3468 nemine
625 3414 676 3467 nisi
691 3414 804 3468 literatis
820 3414 926 3483 dignam
943 3432 1003 3467 esse
1018 3417 1209 3484 praefecturam
1225 3414 1303 3468 dixit.

207 3482 337 3552 quomodo
354 3487 437 3534 autem
454 3482 556 3537 veritus
573 3484 609 3537 sit
624 3484 820 3551 magistratum,
843 3501 877 3536 ex
894 3484 945 3537 boc
960 3484 1023 3536 licet
1037 3483 1195 3549 intelligere.
1230 3481 1305 3536 ller-

207 3552 273 3603 mias
291 3549 392 3618 quidem
411 3549 544 3616 ehydiae
561 3552 705 3606 scriniariis
723 3552 953 3623 reprehensionem
969 3551 1095 3618 incurrit,
1119 3550 1234 3618 Sergio,
1256 3553 1304 3633 qui

207 3628 263 3673 tum
279 3621 444 3688 praefectura
459 3620 625 3689 fungebatur,
643 3629 824 3675 succensente.
859 3622 1001 3689 imperator
1017 3628 1113 3686 autem,
1129 3621 1163 3672 ab
1178 3620 1306 3673 Hermme

207 3697 292 3741 nistre
308 3687 469 3754 sollicitatus,
487 3687 592 3743 multum
609 3691 763 3745 hortabatur
778 3690 939 3761 praefectum
951 3696 982 3739 ut
992 3688 1118 3741 Hermiae
1134 3690 1303 3744 concederet.

209 3764 238 3809 nt
253 3756 297 3809 ille
313 3773 397 3826 usque
413 3757 566 3821 differebam
584 3758 745 3830 indulsitque
760 3760 911 3829 imperator,
931 3765 960 3809 et
973 3758 1152 3824 magistrumn
1170 3766 1199 3811 et
1213 3758 1303 3825 Sergii

208 3825 372 3893 splendorem
390 3842 524 3893 reverens,
540 3830 660 3907 quamvis
678 3845 757 3882 causa
769 3838 842 3883 esset
858 3825 962 3893 tortior,
979 3826 1078 3896 quippe
1094 3826 1141 3895 qui
1157 3829 1191 3881 ad
1207 3827 1304 3880 iustam

208 3911 264 3946 rem
281 3896 440 3947 hortaretur.
474 3912 530 3948 cum
549 3895 632 3963 igitur
648 3897 806 3952 clarissimus
822 3896 933 3967 quisque
949 3894 1103 3961 magistratu
1119 3895 1235 3949 vicissim
1253 3914 1302 3965 po-

208 3961 319 4030 tiretur,
338 3980 370 4015 ex
387 3962 586 4031 Augustalibus,
608 3972 639 4018 ut
653 3977 765 4033 vocant,
782 3967 816 4020 iis
831 3964 876 4035 qui
891 3962 1002 4017 mamma
1018 3962 1169 4033 eloquentie
1182 3974 1304 4034 proesta-

208 4031 287 4098 bnnt,
320 4050 368 4085 neo
392 4048 444 4083 non
470 4031 657 4086 aemulantibus
679 4053 726 4088 eos
750 4036 822 4089 inter
846 4032 979 4100 notarios,
1010 4035 1137 4086 accedere
1162 4034 1303 4101 concessit,

209 4100 394 4168 erutionesquo
407 4102 522 4172 tradere,
540 4109 567 4155 et
582 4102 694 4170 publicis
706 4104 734 4157 in
745 4103 882 4158 auditoriis
897 4118 971 4155 suurn
981 4100 1010 4155 iu
1026 4101 1138 4155 &cende
1151 4100 1303 4156 facultatem

208 4169 357 4236 ostendere,
374 4170 541 4239 praemiaque
557 4187 608 4223 non
625 4171 721 4240 exigua
735 4192 798 4227 cons
834 4172 870 4225 ui.

276 4237 319 4290 51.
356 4237 434 4291 Talia
454 4241 581 4319 quaedam
604 4247 657 4292 tum
676 4243 786 4297 fiebant.
820 4246 964 4309 imperator
979 4245 1066 4294 autem
1081 4237 1201 4293 mollitiei
1216 4238 1303 4292 indul·

207 4305 297 4373 gebat,
314 4306 412 4359 Marini
427 4308 527 4360 artibus
545 4308 630 4375 dives,
647 4318 675 4362 et
690 4311 823 4365 consulum
840 4309 960 4363 leudibus
978 4310 1070 4363 datus.
1087 4325 1141 4378 pax
1157 4325 1222 4362 rero
1239 4325 1302 4377 pro-
1377 4306 1381 4313 '

208 4374 289 4431 lunda
305 4383 387 4428 totam
403 4376 509 4429 laxabat
524 4377 730 4447 rempublicam,
748 4387 777 4433 et
793 4377 903 4433 maxime
917 4378 1033 4445 militem,
1051 4377 1170 4431 omuibus
1186 4394 1238 4431 uua
1254 4392 1303 4429 eu·

208 4441 251 4497 lae
267 4442 347 4499 otium
364 4444 552 4500 aeiuulontihus
569 4446 783 4521 sectantibusque
798 4449 885 4505 studia
901 4447 1077 4520 imperatoris.
1103 4465 1135 4503 ac
1151 4446 1212 4502 linis
1229 4456 1303 4500 cete·
