3125 4959
227 456 300 530 180
620 452 792 525 loannls
817 455 919 524 LYDl

223 627 298 716 ὅπερ
312 627 402 716 όγκοο
420 629 471 696 καὶ
488 620 582 712 μόνον
593 623 686 716 χόριν
705 629 748 706 είς
764 624 860 695 τόπον
872 633 1010 694 τοιοῦτον
1020 621 1214 716 χρυσήλατον
1228 651 1317 692 κατε-

224 730 389 800 σκεόαστο·
415 730 523 798 ἕκατδν
533 731 609 816 ίχειν
618 733 749 818 χρυσίον
761 734 867 820 λίτρας
880 729 1069 816 ὑπείληπται.
1119 733 1220 817 ἕτερον
1237 731 1270 795 δι’
1285 731 1317 807 ίξ
1333 746 1336 749 ’

224 835 369 923 ἀργυρίου
391 835 479 918 fiais)
501 836 579 922 πρὸς
600 831 754 918 ἀποδοχὴν
773 842 875 902 κοινοῦ
895 836 1026 920 μίλακος
1038 835 1258 920 ίξνπηρετεῖται
1274 837 1317 921 τῷ

223 941 408 1027 δικαστηρίῳ
423 939 608 1018 (καλλίκλιον
622 935 710 1015 αάτό,
736 937 825 1003 οἱονεὶ
841 941 1018 1017 montoso,
1045 937 1104 1002 ἀπὸ
1121 943 1177 1001 τοῦ
1189 933 1319 1010 κάλοκος

152 1043 156 1051 ‘
223 1046 385 1108 καλεῖσθαι
399 1039 533 1125 νόμος),
558 1043 609 1106 καλ
625 1039 782 1128 κάνθαρος
801 1038 844 1119 ὥς
862 1038 970 1125 λεκάνη
987 1065 1033 1118 τις
1043 1040 1080 1116 i}
1093 1037 1229 1124 ἀργόρον
1234 1085 1245 1115 ,
1270 1037 1342 1100 iulo

222 1147 365 1234 τρίποδος
380 1143 541 1230 ἀργωρίον,
555 1146 605 1208 καί
620 1145 736 1232 κρατήρ
750 1141 826 1231 ὑπὲρ
843 1151 905 1210 τῶν
918 1145 974 1220 τάς
987 1143 1222 1230 ίμπροθίσμοος
1234 1141 1320 1214 δίκας

222 1247 255 1313 ίν
271 1253 316 1336 τῷ
331 1248 514 1336 δικαστηρίῳ
535 1245 681 1332 λεγόντων
697 1250 847 1328 κείμενος·
873 1249 940 1335 περὶ
956 1238 993 1312 οδ
1010 1255 1213 1334 μακρηγορεῖν
1230 1242 1320 1324 ἀηδὲς

213 1347 300 1440 Ιεἶναι
325 1351 434 1436 κρίνων
454 1335 487 1427 li
508 1349 639 1435 ἀνάγκης
665 1349 829 1432 ἀναλαβεῖν
850 1351 906 1435 τήν
933 1349 1086 1438 ἀφήγησιν
1107 1352 1319 1427 σννωδοῦμαι,

224 1451 316 1517 inrisa
334 1452 504 1540 προλέγων,
530 1451 572 1530 ὡς
588 1455 663 1518 εἰσὶν
678 1452 721 1518 δ’τι
741 1455 792 1517 καὶ
812 1458 866 1517 νῦν
885 1455 1058 1540 αορθμίδες
1078 1462 1160 1540 τρεῖς
1180 1456 1220 1537 τῇ
1240 1448 1321 1536 ἀρχῇ

224 1555 301 1642 πρδς
319 1557 376 1634 τὰς
394 1553 622 1643 ἀντιπόρθμοις
644 1554 876 1644 διαπεραιτόσεις
896 1559 929 1621 ἐκ
951 1563 1007 1640 τῆς
1025 1558 1184 1639 βασιλίδος
1200 1554 1248 1620 ἐπὶ
1264 1551 1320 1627 τάς
1329 1555 1362 1610 10

222 1659 356 1744 γείτονας
376 1658 527 1747 ἠπείρους.
576 1657 697 1748 βάρκας
720 1658 816 1736 αάτάς
841 1657 906 1724 ἀντί
929 1665 984 1725 roi
1005 1654 1167 1747 δρόμωνας
1186 1655 1320 1742 πατρίως

223 1759 368 1827 ίκάλεσαν
387 1760 417 1826 oi
439 1759 649 1849 παλαιότεροι,
680 1764 732 1827 καλ
757 1761 890 1846 κήλοκας
912 1758 978 1828 οἷον
998 1758 1139 1847 ταχινάς,
1170 1759 1217 1826 δτι
1234 1759 1319 1842 κε’λερ

224 1863 295 1929 κατ’
315 1863 425 1941 αάτοδς
441 1861 459 1928 δ
475 1865 568 1949 ταχὺς
584 1867 715 1950 λίγεται,
740 1868 791 1930 καλ
810 1867 1007 1952 σαρκιναρίας
1021 1865 1088 1930 ἀντί
1104 1869 1161 1931 τοῦ
1176 1859 1319 1937 δλκάδας,

217 1965 270 2032 ’ότι
285 1964 413 2054 σάρκινα
428 1967 499 2033 κατ’
516 1969 627 2045 αάτοδς
640 1967 675 2035 τό
693 1967 794 2052 ἀχθος
806 1974 950 2034 καλεῖται.
977 1974 1104 2035 τοιαῦτα
1116 1967 1173 2049 μίν
1186 1988 1255 2031 τινα
1268 1962 1319 2026 καλ

223 2076 335 2136 ταῦτα·
361 2070 438 2157 πρός
454 2072 486 2134 δὲ
503 2070 538 2135 τὸ
556 2072 749 2155 προκείμενον
761 2071 984 2150 ἐπανέλθωμεν.
1328 2074 1361 2130 15

329 2172 386 2241 15.
436 2170 545 2255 Νόμος
563 2163 600 2256 ἦν
617 2173 683 2256 (καὶ
701 2171 760 2258 γάρ
782 2170 852 2258 ἀρτι
868 2166 1073 2257 παρεφθάρη)
1098 2167 1170 2246 τοδς
1182 2166 1239 2251 μέν
1259 2152 1320 2230 ’ἀπό
1413 2249 1420 2256 ι

200 2281 202 2294 “
224 2268 342 2360 ψήφων
357 2280 412 2356 τῆς
427 2274 524 2359 ἀρχῆς
535 2277 582 2338 ἐπὶ
597 2282 658 2338 τῶν
672 2274 824 2358 ίααρχιεῦν
838 2271 895 2350 τὰς
905 2276 989 2350 δίκας
1003 2272 1144 2356 λίγοντας
1157 2268 1235 2356 μετά
1248 2266 1320 2356 ίφε-

224 2399 274 2441 σιν
288 2367 381 2450 αὖθις
402 2375 450 2438 ἐπὶ
471 2376 527 2458 τήν
549 2375 646 2462 ἀρχὴν
665 2375 887 2461 ίμπροθόσμως
908 2374 1005 2452 αάτάς
1019 2375 1096 2439 κατὰ
1110 2374 1163 2439 τάν
1179 2374 1321 2456 ίκκλητον

224 2473 318 2561 νόμον
333 2476 530 2561 ἀναπίμπειν,
554 2480 626 2557 τοὺς
642 2479 675 2544 δὲ
690 2479 737 2544 ἐπὶ
754 2483 815 2544 τῶν
831 2478 1032 2565 ἀρχαιοτικῶν
1047 2479 1246 2564 δικαστηρίων
1259 2471 1320 2538 ἀπό

225 2577 458 2669 ψήφωναῧτῶν
471 2582 518 2645 ini
535 2582 589 2666 τήν
600 2583 768 2665 βασιλείαν,
795 2579 933 2654 κάκείνας
952 2583 1010 2661 μὲν
1029 2585 1190 2642 καλεῖσθαι
1206 2587 1363 2660 τεμπο-20

226 2686 334 2772 ραλίας
355 2683 421 2749 ἀντὶ
437 2691 492 2749 τοῦ
512 2684 760 2769 δμπροθίσμονς,
786 2679 901 2758 ταότας
922 2682 956 2746 δὲ
974 2679 1091 2767 σάκρας
1114 2679 1202 2747 οἱονεὶ
1224 2683 1320 2758 θείας,

227 2785 280 2850 διά
294 2784 348 2864 τό,
374 2782 416 2861 ὡς
429 2781 506 2872 ἀφην
513 2833 524 2865 ,
549 2786 626 2872 πρὸς
641 2786 696 2867 τήν
708 2785 859 2867 βασιλέως
874 2781 1019 2872 ἀκρόασιν
1030 2785 1229 2869 μετίκκλητον
1244 2783 1320 2848 ἀνα-

227 2887 410 2972 πίμπεσδαι.
446 2892 558 2972 θαῦμα
571 2887 711 2975 μίγιστον
726 2889 776 2953 καὶ
792 2890 1032 2971 πανευδαίμονος
1045 2890 1196 2965 πολιτείας
1209 2884 1322 2970 τεκμή-

294 3061 431 3120 aanor
446 3061 605 3134 γάρέγεινί
671 3059 785 3120 telae
803 3064 837 3119 c.
908 3066 941 3120 1³
957 3059 1096 3128 αάτάςῢ.
1166 3063 1200 3116 16
1219 3055 1321 3116 ἀπό-

293 3131 390 3203 ἀρχῆς.
407 3141 469 3205 post
482 3130 613 3204 λέγοντας
624 3134 691 3190 liaeo
703 3135 827 3205 ponenda
842 3152 948 3189 censeo.
959 3137 995 3189 ll.
1048 3136 1082 3189 19
1091 3129 1159 3194 τούς
1168 3133 1203 3201 F,
1220 3128 1273 3194 τὰς
1284 3129 1319 3184 0.

226 3287 382 3358 protundum
403 3294 556 3355 argenteum
582 3303 630 3340 vas
651 3286 679 3341 in
697 3288 828 3342 auditorio
846 3293 919 3355 arat,
941 3287 1068 3342 communi
1086 3291 1230 3342 atramento
1249 3283 1320 3338 reoi-

226 3356 323 3477 piando
336 3356 457 3409 serviens
472 3355 618 3423 (caliculus,
634 3356 663 3410 id
680 3366 722 3442 est
736 3374 846 3440 parvum
860 3355 989 3429 poculum,
1007 3377 1023 3411 a
1038 3356 1119 3411 ealioa
1133 3353 1261 3440 appellari
1275 3370 1320 3405 so-

236 3427 298 3493 at),
322 3442 373 3477 neo
389 3443 441 3478 non
454 3426 593 3479 cantharus
616 3428 628 3491 (
654 3442 710 3478 uasa
727 3436 820 3495 patrna
839 3428 985 3497 quaedam)
1000 3435 1155 3496 argenteus,
1172 3442 1200 3478 ια
1216 3422 1323 3490 tripoda

227 3497 363 3562 argenteo,
381 3503 409 3546 et
423 3503 525 3560 crater,
544 3495 616 3564 iique
633 3443 735 3548 iilorum
753 3513 817 3564 ergo
834 3496 879 3565 qui
895 3496 1052 3566 temporales
1069 3511 1161 3547 oausas
1178 3494 1207 3546 in
1223 3490 1321 3550 iudicio

227 3562 365 3628 dioebaata
391 3580 443 3632 qua
457 3563 491 3616 da
504 3580 535 3616 re
550 3563 652 3634 prolixa
666 3563 756 3617 dicere
774 3563 892 3617 odiosum
908 3575 1048 3635 reputans,
1067 3563 1226 3616 necessitate
1242 3576 1321 3613 enar·

228 3632 355 3684 rationem
368 3641 490 3702 repetere
507 3649 603 3701 cogor,
621 3631 684 3687 illud
697 3633 865 3704 praedicens,
884 3651 943 3686 esse
960 3635 1099 3687 etiamnum
1117 3630 1251 3685 naviculas
1265 3637 1322 3682 ares

229 3699 393 3766 magistratui
416 3703 449 3755 ad
473 3703 692 3756 transfretandum
717 3720 750 3755 ex
775 3703 945 3773 imperatoria
964 3706 1030 3756 urbe
1051 3703 1079 3755 in
1105 3703 1207 3754 vicinas
1226 3706 1321 3751 terras.

227 3771 323 3822 bareas
336 3766 407 3838 illas,
430 3771 458 3824 id
479 3781 521 3825 est
536 3781 698 3838 currentes,
730 3771 798 3824 atrio
813 3789 933 3825 sermone
953 3772 1115 3842 antiquiores
1132 3771 1277 3834 vocabant,
1294 3777 1323 3821 at

226 3837 346 3904 celoces,
370 3838 397 3890 id
415 3849 456 3893 est
471 3842 586 3908 celeres,
604 3841 666 3910 quia
682 3789 753 3892 ceier
766 3857 854 3894 eorum
867 3841 956 3910 lingua
969 3838 985 3894 ὁ
999 3839 1098 3908 ταχύς,
1114 3850 1141 3892 et
1155 3836 1321 3905 sarcinarias,

226 3907 255 3960 id
270 3915 312 3959 est
326 3907 471 3974 onerarias,
487 3912 548 3979 qnia
563 3909 667 3962 sarcina
684 3927 773 3963 eornm
791 3927 910 3963 sermone
928 3927 993 3963 onos
1010 3919 1129 3963 vocatur.
1147 3907 1274 3959 hactenns
1288 3907 1322 3959 (le

226 3977 292 4030 hoc:
309 3976 344 4029 ad
359 3977 519 4045 propositum
534 3989 707 4032 revertamur.

299 4047 341 4100 1⁵.
375 4043 434 4097 Lex
448 4053 505 4098 erat
520 4049 633 4111 (etenira
650 4065 735 4118 nuper
749 4047 868 4115 interiit)
889 4055 919 4100 nt
944 4047 989 4130 qai
1011 4046 1040 4099 in
1059 4040 1208 4126 provinciis
1229 4059 1322 4096 aaaaaa

226 4114 361 4181 dicerent,
388 4131 404 4167 a
426 4116 562 4168 sententiis
579 4117 745 4185 magistratus
763 4124 826 4188 post
840 4115 1040 4188 appellat-sonem
1058 4124 1152 4165 iterum
1169 4128 1229 4178 eas,
1251 4112 1322 4165 intra

227 4184 412 4253 praestitutum
430 4190 550 4252 ternpus,
575 4185 647 4239 iuxta
670 4185 754 4255 legem
778 4187 813 4240 de
836 4184 1071 4256 appellationibus,
1094 4183 1127 4234 ad
1143 4180 1322 4253 magistratum

227 4251 378 4315 mitterent3
395 4252 441 4322 qui
455 4261 541 4305 autam
555 4252 582 4304 in
594 4255 770 4308 archaeotioia
787 4255 952 4319 diersteriis,
975 4254 1009 4304 ab
1028 4250 1118 4302 horum
1134 4251 1273 4305 sententiis
1288 4250 1322 4302 ad

227 4319 424 4389 imperatorem
447 4330 475 4374 et
489 4321 549 4374 illae
563 4322 667 4390 quidem
682 4324 839 4394 temporales
855 4322 946 4376 vocari
960 4320 1095 4384 solebant,
1117 4320 1166 4373 hae
1178 4329 1264 4375 autern
1278 4335 1323 4373 sae

226 4404 298 4454 erae,
317 4388 394 4457 quia,
411 4399 440 4443 ut
452 4391 521 4461 (lixi,
540 4393 573 4444 ad
586 4391 750 4460 imperatoris
766 4394 925 4447 audientiam
943 4397 1005 4458 post
1018 4387 1217 4459 appellationem
1232 4389 1321 4442 mitta·

225 4458 337 4510 bantur=
354 4474 398 4512 ras
411 4475 509 4526 summa
524 4461 606 4531 digna
618 4461 799 4532 admiratione,
817 4471 846 4518 et
858 4458 1081 4516 fortmmtissimse
1093 4459 1133 4512 rei
1145 4458 1267 4530 publicae
1280 4455 1322 4510 m-
