3125 4959
261 482 387 531 xxxam
549 460 662 529 Hnslt
685 460 744 527 DE
767 456 927 526 lott'ttttt
951 458 1069 526 LYDO

262 664 382 723 fortuna
393 658 443 721 hio
455 663 563 736 etiam,
585 670 619 721 ut
633 649 740 740 saepe,
768 680 875 741 parum
887 678 983 742 aequa
1001 658 1068 718 fuit.
1110 676 1182 717 nam
1200 676 1288 732 cum,
1319 666 1355 716 ut

265 763 452 842 dictumest,
481 765 600 843 Cpolim
618 766 730 823 missus
753 773 848 838 esset,
879 760 1081 842 dilectamque
1098 780 1183 820 suam
1197 760 1356 817 Graeciam

264 866 346 925 velut
358 846 559 945 redintegrata
577 886 679 925 amore
700 867 945 945 complecteretur
968 863 1024 942 (eo
1041 863 1151 946 melius
1167 881 1227 944 quo
1241 860 1356 942 publici

263 969 397 1027 muneris
414 968 572 1026 auctoritas
586 970 779 1047 opportunior
796 964 882 1045 erat),
903 964 1086 1046 haberetque
1098 978 1200 1025 secum
1214 960 1356 1020 eruditis-

262 1070 375 1130 simum
390 1067 546 1130 hominem
559 1071 703 1128 loannem
717 1071 752 1127 B.
769 1071 802 1129 C.
818 1066 943 1128 d'Ausse
961 1066 999 1126 de
1013 1068 1169 1143 Vrlloison,
1189 1067 1226 1140 is,
1244 1073 1280 1123 ut
1293 1072 1357 1122 erat

264 1172 427 1231 acerrimus
449 1173 640 1253 antiquorum
662 1170 800 1231 codicum
815 1172 1025 1249 investIgator,
1051 1171 1234 1230 Graecorum
1248 1183 1358 1225 mona·

133 1294 160 1346 p.
175 1288 249 1329 arnt
264 1273 355 1331 steria
369 1272 532 1357 percupide
546 1271 679 1355 quidem,
696 1272 751 1334 sed
764 1274 874 1332 frustra
886 1274 1080 1332 concursavit.
1121 1290 1192 1330 cum
1205 1278 1306 1327 antem
1318 1264 1359 1325 ad

264 1376 434 1452 Bosporum
446 1376 479 1431 in
495 1374 665 1432 suburbano
680 1376 787 1433 Graeci
803 1372 959 1433 cuiusdam
976 1372 1088 1432 literati
1113 1392 1154 1432 ex
1173 1368 1359 1431 Constantini

265 1474 380 1533 Morusi
404 1474 555 1553 principis,
571 1473 715 1533 affinitate
735 1477 830 1536 libros
854 1474 1001 1557 quosdam
1021 1485 1136 1535 veteres
1156 1478 1359 1554 pertractaret,

265 1576 380 1635 invenit
395 1593 463 1634 cum
476 1576 550 1635 alios
562 1578 726 1655 pretiosos,
749 1589 818 1637 tum
834 1578 985 1658 inprimis
1003 1596 1099 1638 unum
1115 1573 1196 1657 Lydi
1210 1592 1302 1653 opera
1319 1569 1359 1629 de

264 1678 395 1738 Calenus
412 1674 738 1755 dequelllagistratibus
753 1682 966 1736 continentem.
1008 1676 1090 1735 hunc
1105 1678 1206 1736 statim
1218 1674 1360 1732 illustris-

265 1782 343 1841 simo
358 1780 458 1856 legato
475 1774 512 1836 de
528 1774 671 1837 choiseul
684 1776 815 1855 indicat3
848 1780 901 1859 qui
916 1797 986 1835 cum
1000 1778 1195 1862 significasset
1210 1796 1243 1836 se
1257 1777 1289 1833 in
1305 1771 1362 1833 de-

265 1878 376 1940 siderio
397 1898 463 1938 esse
483 1880 546 1939 aius
560 1877 688 1957 ¹codicis,
717 1900 788 1939 eum
808 1881 900 1961 paulo
920 1889 988 1961 post
1006 1899 1024 1938 a
1040 1879 1233 1939 Constantino
1248 1876 1362 1936 lllornsi

263 1983 400 2062 principe
416 1978 495 2040 dono
508 1983 633 2061 accepit.
666 1986 824 2043 eratenim
834 1986 862 2043 is
877 1984 1087 2041 Constantinus
1101 1984 1155 2039 Bei
1170 1981 1283 2040 lllorusi
1296 1989 1362 2038 tum

264 2088 331 2165 ipse
344 2094 431 2142 acuto
444 2093 474 2141 et
487 2083 610 2143 subacto
624 2086 765 2165 ingenio,
788 2097 854 2144 tum
875 2083 1017 2144 adversus
1034 2083 1167 2143 literatos
1181 2080 1280 2142 studio
1296 2083 1362 2141 sin·

264 2186 382 2267 gulari3
414 2204 542 2267 cumque
564 2188 655 2267 paulo
670 2199 739 2247 ante
754 2186 929 2251 Valachiam
943 2205 1061 2246 summo
1076 2206 1146 2244 cum
1155 2188 1287 2267 imperio
1305 2182 1363 2243 ad-

265 2290 477 2364 ministrasset,
516 2298 588 2349 tuno
607 2292 640 2349 in
660 2288 754 2350 hortis
777 2288 818 2349 ad
837 2292 1004 2369 Bosporum
1029 2288 1246 2346 amoenissimis
1268 2288 1362 2366 inque

265 2390 392 2449 mirifica
406 2391 551 2451 librorum
565 2412 688 2452 suorum
700 2390 882 2453 bibliotheca
892 2391 1036 2449 felicitate
1049 2392 1147 2469 magis
1158 2390 1259 2447 stabili
1270 2405 1363 2468 quam

268 2511 401 2574 unquam
414 2502 502 2552 antea
517 2494 680 2553 fruebatur.
722 2496 764 2554 ita
785 2493 842 2553 hos
863 2494 1064 2570 amplissimos
1081 2494 1179 2563 viros,
1213 2509 1287 2570 quos
1301 2490 1363 2546 iam
1459 2507 1468 2527 ·

265 2595 431 2653 sociaverat
444 2592 611 2655 studiorum
625 2593 802 2669 similitudo,
823 2604 889 2651 turn
900 2594 998 2669 magis
1012 2594 1103 2649 etiarn
1117 2591 1274 2650 coniunxit
1283 2590 1362 2673 Lydi

265 2696 345 2754 liber
359 2694 438 2754 dono
452 2698 563 2753 missus
579 2705 609 2753 et
627 2704 775 2773 acceptus,
799 2692 1055 2774 quemadmodum
1070 2696 1200 2774 antiquis
1217 2696 1363 2773 tempori-

267 2796 336 2871 bus,
358 2795 488 2878 adquae
502 2816 592 2877 saepe
608 2797 741 2855 animum
755 2797 802 2855 illi
817 2794 985 2856 referebant
999 2816 1097 2872 suurn,
1113 2798 1208 2855 claros
1224 2794 1363 2856 homiues

267 2899 398 2980 legimus
410 2902 509 2960 xeniis
522 2902 599 2960 ultro
615 2901 746 2980 citroque
763 2897 842 2957 datis
857 2899 1021 2956 amicitiam
1036 2897 1236 2956 confirmasse.

206 3013 248 3075 29
352 3004 529 3085 Quanquam
540 3024 579 3063 ne
592 3002 635 3063 sic
647 3000 771 3083 quidem
783 2998 889 3081 Lydus
903 3002 1005 3060 statim
1018 3000 1119 3058 lucem
1133 3000 1261 3079 aspexit,
1281 2998 1364 3080 quod

268 3106 301 3163 in
313 3117 473 3165 consecuta
488 3108 573 3185 regni
588 3106 696 3163 Gallici
710 3105 864 3163 eversione
878 3104 1037 3185 subitoque
1050 3120 1138 3178 casu,
1167 3119 1227 3181 quo
1242 3103 1364 3179 Europa
1383 3172 1386 3180 ¹

68 3204 70 3208 ’
138 3228 166 3280 p.
182 3228 249 3267 nxrv
268 3209 367 3267 omnis
385 3210 580 3284 contremuit,
612 3207 714 3267 nullus
734 3203 822 3285 Lydo
839 3205 923 3265 locus
939 3216 1102 3285 supererat.
1143 3223 1216 3263 nam
1230 3203 1364 3283 primum

266 3310 332 3389 ipse
347 3307 458 3370 codicIs
473 3330 643 3390 possessor,
671 3318 791 3369 coactus
811 3311 926 3387 patriae
941 3308 1016 3367 fines
1030 3307 1167 3368 fidelitati
1182 3325 1254 3366 suae
1268 3307 1364 3363 inter-

268 3410 364 3473 dictos
374 3413 465 3493 longe
477 3424 653 3493 respectare,
677 3428 754 3492 aque
767 3412 919 3489 legatione
932 3412 965 3470 in
976 3412 1104 3470 exilium
1117 3408 1286 3470 voluntaria
1297 3408 1363 3465 vice
1469 3487 1472 3493 Ι

269 3511 438 3589 traductus,
467 3515 695 3575 aSereuissima
708 3516 861 3590 Augusta,
891 3531 969 3594 quae
984 3513 1249 3573 tunclatissimnm
1263 3510 1365 3587 impe-

268 3617 349 3675 rium
362 3618 530 3698 aquilonari
545 3618 636 3699 plaga
648 3615 777 3695 gloriose
794 3614 988 3693 gubernabat,
1009 3626 1044 3675 ut
1060 3612 1099 3673 ad
1115 3631 1228 3671 samse
1246 3610 1365 3670 confer·

270 3728 315 3777 ret
329 3717 627 3780 honorificentissime
640 3718 783 3776 invitatas
800 3727 856 3777 est.
898 3738 959 3800 quo
971 3738 1040 3777 cum
1053 3714 1233 3788 secessisset,
1252 3719 1283 3769 et
1297 3711 1367 3787 ipsa·

271 3823 376 3900 quanti
391 3842 461 3881 eum
473 3823 600 3897 faceret,
628 3829 775 3902 quantum
790 3817 940 3895 crederet,
963 3817 1141 3878 documenta
1156 3816 1292 3875 maxima
1308 3808 1364 3869 de-

270 3919 336 3997 dit,
363 3934 392 3982 et
410 3925 489 3985 filius
504 3927 579 3984 item
591 3924 655 3983 eius
668 3922 794 3981 meliore
809 3921 928 3981 fortuna
942 3917 1050 4001 dignus
1065 3921 1178 3979 Paulus
1193 3918 1364 3993 imperator,

270 4042 341 4083 cum
356 4037 433 4083 esset
447 4027 564 4084 liberali
580 4045 615 4084 ac
628 4044 739 4105 magno
755 4026 857 4083 animo
870 4020 1022 4104 praeditus
1043 4023 1190 4097 iustisque
1212 4026 1301 4098 atque
1314 4035 1364 4073 re·

270 4113 325 4187 ctis
340 4128 552 4202 voluntatibus,
574 4129 794 4206 amplissimum
805 4129 904 4188 virum
917 4125 1068 4184 beneficiis
1084 4120 1223 4201 plurimis
1239 4120 1363 4194 amavit,

272 4231 418 4289 asllictum
435 4230 541 4304 erexit,
564 4232 674 4287 extorri
686 4239 810 4309 penates
824 4229 1061 4307 dignitatemque
1077 4220 1220 4308 reddidit:
1237 4218 1366 4279 manda-

271 4334 315 4393 vit
331 4330 455 4391 demum
470 4349 641 4410 supremam
655 4348 757 4389 curam
768 4348 837 4389 cum
852 4331 990 4389 omnium
1006 4321 1252 4383 bibliothecarum
1266 4325 1365 4400 impe-

273 4434 395 4495 rialium
406 4444 473 4495 tum
487 4430 658 4493 academiae
672 4432 845 4506 Caesareae,
867 4448 926 4511 qua
939 4425 1018 4487 nihil
1032 4446 1158 4509 usquam
1170 4425 1366 4506 magnificen-
