3125 4959
250 439 325 512 sst
647 390 817 507 returns
845 439 946 508 trun

250 613 471 700 ἀγρυπνοῦντες
491 606 704 699 λυπηράτατοι.
755 613 807 676 καί
827 608 843 677 ὃ
865 613 920 695 μὲν
937 609 1056 694 ἰ’ίμητος
1071 607 1206 696 άγαθίς,
1231 615 1295 689 τοῖς
1310 613 1345 676 dd

249 715 370 799 κτήνεσι
394 709 509 796 λοιμός.
560 719 587 779 εί
602 716 636 780 δὲ
650 711 786 800 νάκτωρ,
805 723 928 800 καρπῶν
942 717 998 798 μὲν
1012 714 1144 795 ἔνδειαν,
1166 712 1294 792 &sedda
1310 715 1345 778 dd

250 821 301 884 καὶ
321 819 498 900 χαλαζῶιλες
518 814 553 883 τά
574 818 698 905 θερινὸν
721 816 912 900 κατάστημα.
945 816 1121 900 Ιίίμβλωσίς
1141 843 1174 882 τε
1198 823 1346 902 γυναικῶν

249 918 437 1003 συμβήσεται
444 967 456 997 ,
480 923 531 983 καὶ
546 919 585 988 ‚cd
603 919 746 1004 νόστιμον
769 919 853 1006 ὕδωρ
879 921 1037 1003 ἐπιλείψει·
1072 922 1122 982 καὶ
1143 917 1271 1002 κινήσεις
1289 921 1345 1002 μίν

248 1019 485 1110 στρατευμάτων
497 1025 644 1110 λυπηραί,
669 1030 708 1112 τῇ
721 1025 755 1090 dd
769 1023 901 1110 ἀνατολῇ
912 1021 1059 1110 τύραννος
1069 1022 1124 1086 οὐκ
1141 1022 1267 1105 εὐτυχής
1280 1025 1370 1086 ἔνο-5

247 1121 364 1209 χλήσει.
1061 1147 1065 1156 ‘
1168 1174 1171 1182 .

355 1223 529 1324 Σελήνης
563 1224 688 1312 οίισης
719 1226 910 1309 θαλάμοις
940 1231 968 1293 ελ
998 1229 1029 1293 ἓν
1059 1223 1157 1316 ήμίρφ
1181 1222 1346 1312 βροντήσῃ,

250 1331 476 1412 θεοσεβίστατα
489 1329 574 1396 ἔσται
589 1331 629 1396 τά
643 1328 744 1396 κοινά·
770 1335 797 1396 εί
813 1333 847 1395 (λε’
862 1332 894 1396 ἓν
909 1334 1010 1408 νυκτί,
1035 1330 1075 1394 τά
1088 1329 1215 1394 ἐναντία.

353 1432 538 1516 Σελήνης
562 1432 683 1516 οὔσης
706 1433 877 1521 καρκίνῳ
903 1435 930 1497 εί
954 1434 985 1498 ἐν
1007 1429 1106 1522 ήμίρρ
1127 1429 1239 1516 βροντή
1259 1431 1348 1514 γίνη-

250 1559 303 1600 ται
324 1537 374 1598 καὶ
395 1533 487 1621 νεκρά
506 1536 660 1617 συμβαίη,
685 1536 818 1620 ταραχαὶ
835 1545 898 1612 τοῖς
916 1545 1026 1610 κοινοῖς
1042 1532 1347 1620 πράγμασινῖσονται
1357 1544 1391 1598 10

252 1640 441 1718 καινοτομίαι
462 1661 494 1703 τε
521 1640 601 1717 [τοῖς
622 1635 813 1722 πράγμασιν]
842 1639 889 1702 dni
913 1637 948 1702 τὸ
968 1647 1081 1723 χεῖρον.
1132 1635 1161 1701 oi
1184 1637 1217 1701 de*
1238 1628 1348 1718 καρποί

250 1737 429 1822 ψεύσονται.
480 1738 560 1803 ἀλλὰ
582 1739 715 1822 μήνκαὶ
739 1735 759 1821 ἡ
782 1736 930 1804 θάλασσα
946 1749 1011 1815 ,τοῖς
1027 1738 1268 1820 ναυτιλλομένοις
1282 1738 1350 1802 ὀλε-

251 1843 331 1928 θρία
343 1840 427 1907 ἴαται
433 1888 445 1919 ,
470 1844 521 1905 καλ
536 1840 645 1928 φθορά
658 1841 715 1922 μὲν
729 1840 903 1927 ἀνθρώπων
908 1889 920 1919 ,
945 1841 1082 1928 άφθονία
1098 1841 1131 1905 di
1144 1838 1271 1922 ἰχθύων.
1323 1842 1350 1904 εί

253 1947 288 2008 δὲ
308 1944 409 2021 νυκτί,
434 1945 573 2026 Αίθάιφι
588 1946 639 2008 καὶ
653 1944 791 2030 Πέρσαις
804 1943 935 2030 ὄλεθρος
953 1942 1113 2026 ίνσκήψει·
1138 1943 1177 2008 τά
1192 1944 1227 2007 δὲ
1242 1941 1349 2007 δυτικά

253 2044 350 2123 οὕτως
363 2043 486 2129 λιμώξει
501 2042 543 2122 ὡς
556 2048 607 2110 καλ
618 2048 661 2122 εἰς
671 2046 828 2131 Αἴγυπτον
845 2046 889 2112 δι’
905 2046 1020 2112 ἴνιλειαν
1034 2054 1228 2134 καταφυγεῖν.
1358 2051 1391 2107 15

355 2146 530 2232 Σελήνης
554 2147 674 2232 ον’ίσης
699 2149 829 2215 λεόντι
859 2150 913 2214 ε’άν
937 2149 1068 2236 βροντήν
1094 2152 1125 2214 ίν
1148 2146 1248 2237 ήμέρφ
1269 2145 1350 2231 γενέ-

253 2256 330 2315 σθαι
362 2253 517 2334 συμβαίη,
552 2250 643 2318 δόλον
671 2252 750 2316 κατὰ
781 2260 837 2335 τής
862 2255 1018 2334 βασιλείας
1039 2258 1228 2334 μελετᾶσθαι
1255 2252 1352 2332 δηλοῖ.

253 2355 412 2435 καιυισμοί
431 2378 463 2418 τε
486 2351 584 2419 νόσων
604 2354 740 2433 ἔσονται,
765 2359 817 2420 καί
837 2353 968 2420 θάνατοι
982 2362 1036 2420 τοῦ
1053 2353 1193 2440 πλήθους
1208 2355 1240 2417 ἐκ
1257 2376 1353 2432 τιμω-

253 2463 336 2541 ριῶν.
388 2458 438 2520 καλ
452 2452 469 2520 ὃ
483 2457 539 2540 μίν
553 2456 669 2540 άμητος
683 2457 824 2546 ἄφθονος
837 2455 920 2524 ἕσται
927 2505 938 2536 ,
962 2455 1023 2522 ὕπὸ
1045 2459 1079 2523 (λε’
1097 2458 1247 2538 πολεμίων
1262 2457 1352 2539 (λιαρ-

252 2556 439 2643 παμήσονται
446 2606 457 2638 ,
482 2563 533 2624 καί
547 2558 754 2647 διαφερόντως
766 2559 846 2627 κατά
859 2560 894 2626 τὸ
909 2558 1039 2624 dcccxiv.
1090 2556 1307 2640 κατισχύσουσί
1316 2565 1393 2620 τε20

251 2665 305 2725 καί
329 2660 526 2745 ἀδικήσωσιν
548 2662 578 2728 ci
597 2659 791 2751 ὖπερίχοντες
809 2663 844 2728 τὸ
867 2658 1010 2746 ὑπήκοον.
1061 2664 1088 2730 εί
1106 2662 1139 2726 δὲ
1156 2658 1279 2738 νυκτός,
1298 2661 1350 2724 καὶ

252 2763 350 2842 ον’ίτως
365 2761 386 2849 ή
400 2767 541 2847 βασιλεία
554 2762 859 2851 ἓπιβουλευθήσεται,
885 2769 936 2830 καί
950 2767 1044 2852 μέρος
1056 2772 1111 2850 τῆς
1127 2766 1276 2846 ἀνατολῆς
1289 2759 1349 2826 άπὸ

205 2947 209 2953 ’
322 2960 357 3015 10
372 2957 420 3012 καλ
434 2955 519 3028 νεκρά
534 2958 656 3032 συμβαίη
669 2977 711 3014 cnr
723 2961 759 3015 R.
845 2957 880 3014 14
896 2956 927 3013 d'
944 2955 974 3014 ἐν
990 2977 1016 3013 ν.
1033 2958 1068 3013 R.
1154 2957 1187 3014 15
1203 2955 1348 3079 popeivli,

319 3026 486 3097 καταφυγήν
507 3031 543 3084 (λ.
698 3032 731 3085 18
758 3029 823 3084 fort.
850 3029 903 3098 leg.
928 3028 1030 3096 νόμων.
1064 3025 1102 3079 Η.
1256 3041 1351 3079 σονται

321 3115 365 3151 σοι
381 3097 414 3152 C.

253 3263 341 3318 ritimo
368 3275 475 3334 operam
497 3264 577 3331 daut,
598 3264 819 3320 aerumnosissimi
835 3273 922 3321 erunt.
957 3264 1153 3329 nesciebant,
1177 3262 1225 3315 sed
1237 3259 1352 3312 iumenta

253 3334 338 3402 pestis
351 3333 468 3387 invadet.
502 3334 544 3387 sin
557 3343 650 3403 noctu,
668 3336 711 3388 itu
785 3337 937 3407 penuriam,
954 3334 1052 3387 caelum
1064 3349 1187 3399 vernum,
1205 3329 1350 3399 pluviosam
1436 3377 1442 3382 .

255 3401 481 3470 etgrandinoaum
495 3403 637 3471 significat.
671 3421 696 3456 tn
724 3405 794 3458 ieres
808 3408 926 3458 abortum
945 3402 1061 3467 facient,
1079 3411 1106 3452 et
1120 3417 1189 3469 aqua
1204 3398 1286 3450 dulcis
1303 3399 1350 3450 de-

254 3471 343 3524 ficiet:
374 3478 501 3540 eruntque
525 3471 630 3526 molesti
654 3474 816 3527 exercituum
837 3482 938 3541 motus,
960 3481 990 3526 ‚et
1008 3480 1135 3538 tyrannus
1158 3467 1263 3520 minime
1287 3464 1351 3520 felix

254 3539 392 3592 Orientem
411 3538 528 3593 vexabit.

234 3660 239 3668 ,
323 3609 418 3664 Ituna
442 3606 603 3676 geminis,
626 3609 651 3661 si
671 3609 788 3663 interdiu
803 3609 935 3676 tenuerit,
960 3605 1159 3676 religiosissima
1175 3603 1227 3657 erit
1243 3602 1351 3656 civitae:

254 3675 297 3730 sin
313 3687 406 3742 noctu,
426 3684 527 3729 contra.

324 3745 419 3796 Luna
437 3762 577 3814 cancro,
595 3745 748 3799 siinterdiu
760 3746 902 3800 tonitruum
916 3751 1059 3797 emortuum
1076 3744 1173 3797 iactum
1186 3739 1280 3807 inerit,
1294 3746 1352 3791 tur-

254 3816 305 3867 bae
320 3812 349 3864 in
364 3829 393 3865 re
411 3813 515 3880 publica
531 3815 612 3883 fient,
638 3831 777 3884 rerumque
796 3814 824 3866 in
842 3813 957 3884 peiorem
975 3823 1076 3882 purtem
1094 3811 1260 3865 mutationes.
1295 3808 1352 3860 iru-

256 3900 304 3952 ges
321 3899 395 3951 spem
414 3880 518 3934 sallent:
540 3901 612 3936 niue
629 3884 815 3953 navigantibus
834 3882 972 3935 exitiosum
996 3883 1062 3950 erit,
1084 3881 1209 3950 peribunt
1227 3877 1353 3942 homines,

257 3951 382 4004 deficient
405 3950 503 4020 pisces.
539 3952 579 4004 sin
603 3962 695 4022 noctu,
722 3952 750 4004 in
772 3952 917 4020 Aethiopes
939 3959 968 4004 et
987 3950 1084 4004 Persas
1101 3948 1233 4019 pernicies
1254 3947 1353 4000 irruott

256 4019 442 4102 Occidensque
460 4020 527 4072 adeo
543 4021 611 4072 same
628 4031 775 4103 premetur,
801 4029 831 4074 ut
849 4020 954 4074 inediae
976 4037 1056 4074 causa
1073 4019 1191 4074 homines
1206 4019 1354 4086 Aegyptum

254 4105 339 4158 usque
355 4107 385 4140 se
402 4105 430 4140 rn
447 4088 535 4156 iugum
553 4089 639 4141 daturi
656 4091 720 4145 sict.

324 4158 417 4216 Luna
441 4158 558 4224 leone,
581 4158 605 4209 ai
622 4159 765 4213 tonitrunm
779 4157 894 4211 interdiu
911 4159 971 4212 fieri
987 4156 1098 4224 accidit,
1118 4154 1228 4209 insidias
1244 4150 1354 4220 irnperio

255 4225 346 4296 populi
358 4226 472 4279 Romani
487 4226 577 4296 parari
589 4227 715 4281 dederat.
751 4237 828 4282 erunt
845 4228 928 4280 morbi
947 4227 1107 4293 insolentes,
1125 4235 1154 4278 et
1170 4223 1264 4277 caedes
1282 4218 1354 4288 vulgi

256 4311 305 4362 per
318 4294 457 4364 supplicia.
493 4295 585 4348 messis
598 4295 707 4364 copiosa
723 4299 756 4351 ab
773 4295 891 4349 hostibus
907 4296 1060 4365 diripietur,
1079 4292 1221 4365 praecipue
1234 4307 1283 4360 per
1297 4291 1352 4342 Oc-

256 4362 396 4417 cidentem.
431 4365 633 4417 dominabuntur
663 4365 692 4417 in
723 4365 899 4434 provinciales
928 4365 1128 4447 opprimentque
1147 4378 1194 4412 eos
1215 4358 1352 4429 praefecti.

256 4431 298 4483 οἱα
311 4442 404 4504 noctu,
423 4431 464 4491 aie
478 4450 583 4506 quoque
596 4434 733 4507 imperium
749 4436 840 4506 populi
857 4437 968 4493 Romani
986 4433 1091 4489 insidiis
1104 4438 1260 4502 appetetur,
1277 4443 1352 4498 pars-
