3125 4959
376 397 462 472 ,ΒΕ
481 394 821 468 MAGISTRATIBUS
844 397 881 464 P.
899 395 942 464 R.
965 395 1093 466 HM.
1222 396 1294 469 125

198 566 274 638 σατό
287 597 321 639 τε
334 569 392 657 τὴν
404 569 529 659 ἤπειρον
542 572 594 637 καὶ
606 579 671 648 τοῖς
686 565 795 658 φόροις
810 565 963 657 ίβάρυνεν.
1015 570 1071 656 (5)
1089 567 1165 636 ὥστε
1181 565 1295 658 πάραν-

196 667 301 758 νοςῆν
317 671 515 760 δῬωμόλος,
540 682 660 761 πρῶτον
673 676 731 758 μὲν
743 673 796 738 τὸν
811 673 946 761 άδελφδν
962 673 1076 740 άνελιδν
1090 676 1141 740 καί
1158 675 1212 739 τόν
1226 676 1295 757 μεί-

198 779 288 858 ζονα,
313 781 363 843 καί
377 776 519 866 πράττων
533 775 651 864 ἀλόγως
664 776 704 842 τδ
718 779 955 864 προσπίπτοντα.
1004 775 1101 866 vairp
1124 779 1174 841 aul
1194 779 1294 864 Κυρῖ-

197 904 251 958 νος
265 878 498 969 προσηγορεύθη
520 881 610 947 οἱονεὶ
632 878 752 968 κόριος,
777 878 835 945 κάν
857 883 884 946 εί
905 881 1091 970 Διογενιανῷ
1112 887 1156 969 ’τῷ
1177 885 1293 957 λε’ξικο-

172 980 308 1070 δγράιγιρ
324 983 425 1062 άλλως
437 986 528 1072 δοκῇ·
555 982 697 1070 οὐδὲγάρ
713 980 864 1070 ἀγνοήσεις
874 980 894 1049 ’ὃ
905 981 1092 1067 Ῥωμάλοςῆ
1109 984 1139 1047 oi
1153 984 1216 1048 κατ’
1234 984 1292 1049 αδ-

196 1085 250 1151 τόν
267 1088 416 1151 δείκνυται
430 1088 499 1153 κατ’
516 1089 609 1154 ἐκεῖνο
624 1093 733 1173 ναιροῦ
748 1083 946 1169 τὴνἙλλάδα
959 1086 1074 1175 φωνήν,
1089 1087 1145 1171 τὴν
1159 1089 1294 1153 Αἰολίδα

197 1188 291 1273 λέγω,
317 1187 360 1267 ὥς
372 1214 466 1278 φασιν
475 1189 498 1272 ,ό
510 1217 543 1258 τε
556 1188 671 1259 Κάτων
687 1190 720 1254 ίν
740 1197 786 1280 τῷ
807 1193 876 1278 περὶ
892 1187 1063 1277 Ῥωμαϊκῆς
1084 1191 1295 1276 ἀρχαιότητος,

197 1290 332 1379 Βάρρων
353 1319 385 1362 τε
406 1290 423 1359 δ
438 1297 712 1378 πολυμαθέστατος
728 1295 761 1358 ἓν
777 1295 948 1380 προοιμίοις
962 1300 1023 1360 τῶν
1039 1293 1116 1381 πρδς
1131 1290 1294 1378 Πομπήϊον

198 1393 283 1482 αὐτῷ
297 1398 526 1482 γεγραμμίνων,
555 1395 718 1484 Εὐάνδρου
733 1398 785 1461 καὶ
800 1402 861 1462 τῶν
876 1395 977 1462 ἄλλων
986 1396 1143 1485 Ἀρκάδων
1160 1399 1202 1474 είς
1214 1397 1294 1462 Ἰτα-

156 1511 192 1566 10
198 1498 267 1562 λίαν
280 1496 433 1582 ἐλθόντων
444 1501 517 1566 ποτὲ
531 1503 583 1566 καὶ
597 1501 652 1584 τὴν
665 1502 800 1566 Αἰολίδα
813 1509 877 1577 wic
890 1497 1063 1589 βαρβάροις
1078 1496 1294 1585 ἔνσπειράντων

198 1597 313 1688 φωνήν.
363 1599 383 1686 ἡ
397 1603 456 1691 γάρ
470 1613 690 1691 γραμματικοῖς
702 1603 787 1691 παρά
800 1602 912 1688 ταότην
925 1605 1102 1688 είσαγομίνρ
1115 1601 1295 1685 ἐτυμολογία

197 1702 276 1787 μετά
297 1705 475 1790 συγγνώμης
495 1709 673 1789 βεβίασται·
698 1706 759 1771 άπδ
781 1705 910 1792 Κάρεως
930 1704 1006 1789 γάρ,
1030 1707 1174 1787 πολίχνης
1195 1705 1295 1785 Σαβί-

196 1831 269 1886 νων,
294 1805 391 1886 οὕτως
406 1809 787 1896 αότδνπαρονομασθῆναε
798 1804 972 1889 βούλονται,
994 1808 1100 1893 καίπερ
1118 1807 1174 1889 οὐχ
1191 1802 1295 1894 ippol-

196 1935 289 1992 μενον
300 1912 429 1988 ε’κεῖθεν,
461 1913 509 1975 ἐπὶ
532 1913 567 1976 δὲ
587 1917 642 1976 τοῦ
656 1910 835 1974 Παλατίνου
855 1915 970 1991 βουνοῦ
992 1911 1140 1992 τεχθέντα
1157 1935 1189 1974 τε
1210 1909 1295 1997 παρά

156 2024 191 2081 16
199 2021 267 2088 ταῖς
278 2010 390 2096 ὄχθαις
401 2018 458 2078 tori
473 2012 635 2100 Τιβίριδος
650 2015 702 2078 καὶ
716 2007 871 2100 τραφίντα
885 2015 954 2079 ε’κεῖ.
1005 2015 1128 2100 κυρίους
1148 2013 1207 2098 γάρ
1222 2011 1295 2076 ἑαυ-

197 2114 271 2191 τοός
285 2117 336 2179 καί
353 2113 517 2196 δεσπότας,
535 2117 600 2182 ἀλλ’
616 2115 652 2182 οὐ
666 2117 814 2199 βασιλέως
826 2113 966 2198 τάραυνσι
983 2119 1106 2199 φιλοῦσι
1120 2119 1294 2186 καλεῖσθαι.

199 2216 265 2296 (6)
291 2225 425 2300 κρεῖττον
440 2219 474 2280 δὲ
487 2221 645 2297 βασιλείας
659 2217 694 2280 τὸ
708 2217 868 2300 Καίσαρος
882 2215 1018 2298 άξίωμα,
1053 2214 1099 2280 ότι
1120 2217 1171 2280 καί
1187 2213 1294 2281 δοῦναι

197 2317 345 2400 βασιλέας
359 2312 454 2381 πάλαι
467 2327 531 2394 τοῖς
543 2316 662 2383 ἔθνεσιν
678 2317 728 2382 ἐπ’
750 2319 888 2395 ἔξουσίας
906 2315 975 2401 εἶχε.
1025 2315 1153 2402 μισητὸν
1167 2317 1226 2406 γάρ
1242 2321 1295 2384 καὶ

194 2414 364 2504 Ῥωμαλκῆς
392 2421 566 2508 ἶλευθερίας
593 2418 753 2509 ἀλλότριον
781 2418 946 2499 δεσπότας,
984 2419 1063 2484 ἀλλὰ
1085 2421 1130 2503 μὴ
1149 2422 1294 2503 βασιλίας

155 2521 271 2599 ξθτοδς
284 2527 472 2610 κρατοδντας
486 2521 641 2606 ὀνομάζειν
649 2572 659 2602 ,
687 2520 803 2588 καθότι
811 2520 963 2607 δεσπότης
981 2520 1078 2605 ὄνομα
1099 2515 1198 2587 κοινόν
1214 2527 1295 2589 ἔστιν

198 2623 303 2702 αὖτοῖς
316 2628 367 2690 καὶ
381 2635 445 2703 τοῖς
459 2627 511 2692 ἵνα
525 2627 678 2713 δραπίτην
691 2627 880 2709 κεκτημένοις
887 2674 899 2705 ,
932 2626 968 2692 τδ
983 2628 1017 2691 δι’
1028 2627 1178 2708 βασιλίων
1193 2627 1293 2693 αὐτῶν
1391 2715 1394 2718 ἢ

197 2730 250 2794 καί
261 2726 373 2812 μόνων.
418 2729 469 2793 καί
482 2731 576 2813 δῆλον
588 2727 728 2816 άνεεκρδς
745 2728 791 2794 δτι
801 2725 962 2812 Ῥωμαίοις
975 2717 1049 2807 ίθάς
1061 2729 1206 2795 dominos
1221 2729 1294 2808 τοδς

197 2828 445 2920 τυραννήσαντας
458 2831 630 2913 άποκαλεΐι,
655 2829 698 2910 ὡς
712 2832 749 2918 δι)
764 2830 886 2898 Σόλλαν
901 2836 951 2899 καὶ
965 2831 1110 2921 Μάριον,
1134 2836 1186 2899 καὶ
1202 2836 1292 2917 δομι-

266 2971 462 3049 6λεξογροίφςο
484 2974 563 3047 vulgo
586 2981 615 3030 et
634 2975 759 3029 hocloco
782 2981 811 3030 et
829 2978 842 3029 1
863 2978 906 3034 17.
1042 2978 1061 3032 6
1080 2975 1188 3032 ἐκείνου
1209 2977 1294 3049 prima

266 3059 357 3097 manua
374 3046 407 3098 C.
510 3045 527 3100 9
544 3041 675 3100 άλκάδων
691 3046 731 3099 C:
749 3063 810 3099 corr
825 3049 861 3100 F.
964 3048 1000 3102 22
1015 3043 1104 3114 μόνον
1123 3048 1162 3101 Ca
1179 3065 1240 3100 corr
1255 3048 1291 3101 1⁴¹.

197 3160 305 3218 tributio
321 3163 452 3218 oneravit.
487 3164 540 3233 (⁵)
558 3181 641 3234 quaro
658 3173 788 3233 tyrannus
806 3171 865 3218 erat
883 3165 1022 3228 Romulum
1046 3165 1092 3234 qni
1110 3166 1216 3234 quidem
1235 3181 1293 3220 cum

197 3229 306 3285 fratrem
318 3233 402 3303 primo
415 3250 526 3304 eumque
539 3244 602 3288 natu
615 3235 738 3288 naaiorem
750 3234 895 3302 interfecit,
908 3244 962 3288 tum
974 3244 1073 3287 temere
1088 3234 1213 3304 quicquid
1226 3233 1292 3317 egit.

198 3299 260 3354 lrinc
273 3318 377 3370 quoque
394 3303 521 3365 Quirinus
537 3304 687 3373 dictarent,
704 3303 733 3358 id
749 3313 791 3357 est
805 3301 900 3370 κάριος
917 3304 1077 3371 (dominum
1094 3302 1212 3372 quamvis
1225 3303 1292 3356 un-

197 3370 320 3438 ganiano,
338 3371 522 3436 vocabulorum
537 3372 670 3442 scriptori,
688 3372 765 3427 aliter
777 3373 890 3442 placeat.
925 3391 984 3425 nam
999 3384 1103 3425 constat
1116 3371 1250 3424 Romulum
1264 3376 1293 3425 at

197 3439 321 3507 aequales
338 3440 394 3493 eiua
407 3439 520 3510 linguam
537 3445 682 3509 Graooam,
700 3442 817 3495 Aeoliam
835 3441 909 3507 dico,
927 3442 1001 3495 noni
1023 3459 1147 3507 notasse,
1174 3450 1203 3493 ut
1219 3440 1294 3495 aiunt

200 3508 278 3575 Cato,
293 3508 322 3560 in
336 3508 405 3562 libro
418 3511 452 3562 de
468 3510 624 3582 antiquitate
637 3513 764 3577 Romana,
782 3521 810 3565 et
823 3511 987 3564 doctissimus
1029 3526 1098 3573 arro,
1116 3510 1142 3561 in
1159 3511 1292 3579 prooemio

198 3576 300 3631 illorum
320 3594 388 3647 quaa
402 3578 435 3631 ad
451 3579 603 3649 Pompeium
622 3581 742 3648 acripsit:
761 3580 859 3652 quippo
875 3582 1001 3634 Evander
1017 3579 1151 3648 ceterique
1167 3581 1294 3647 Arcada,

198 3646 228 3700 in
246 3645 348 3700 Italiam
367 3646 428 3701 olim
444 3648 617 3717 transgressi,
640 3648 756 3700 Aeoliam
780 3649 893 3717 lingnam
916 3649 986 3701 inter
1009 3649 1136 3701 barbaros
1160 3666 1292 3718 sparsere.

199 3733 259 3768 narn
272 3719 342 3785 quod
354 3723 494 3798 praeterea
506 3734 522 3771 a
536 3717 710 3787 grammaticis
728 3721 838 3771 affertur
854 3729 1050 3787 etymon„paco
1067 3736 1155 3770 eornm
1168 3719 1197 3770 vi
1210 3729 1292 3772 attra-

199 3793 269 3838 ctum
285 3785 405 3838 dixerim.
442 3803 458 3838 a
476 3787 548 3852 Cyro
565 3786 633 3837 onim
650 3786 805 3842 Sabinorum
824 3787 921 3855 oppido
944 3804 1000 3839 etum
1017 3787 1055 3842 ita
1072 3788 1230 3840 nominatum
1243 3805 1292 3840 vo·

198 3852 270 3920 lant,
288 3854 407 3922 quamvis
423 3870 474 3906 non
491 3854 553 3907 iude
569 3857 717 3924 oriundum,
744 3859 792 3908 sed
810 3856 836 3906 in
853 3855 917 3907 colle
931 3855 1051 3911 Palatino
1071 3860 1105 3911 ad
1125 3857 1234 3909 Tiberis
1255 3858 1292 3909 ri-

198 3931 359 3990 pennatum
377 3923 527 3992 ibidemque
543 3924 689 3977 educatum.
723 3925 841 3978 dominos
855 3925 956 3979 scilicet
972 3946 1001 3980 aa
1019 3926 1134 3994 tyranni,
1152 3944 1203 3978 non
1218 3926 1278 3995 prin

199 3990 273 4059 oipea
291 3991 418 4061 appellari
432 4001 529 4045 amant.
565 3993 606 4062 (t)
625 3993 707 4046 maior
721 4011 785 4045 vero
799 4010 875 4060 quom
888 3996 959 4063 regis
973 4007 1014 4050 eat
1027 3995 1150 4049 Caesario
1167 3995 1194 4048 di
1214 3995 1292 4059 nitas,

198 4058 244 4126 qui
258 4059 302 4113 vel
316 4078 394 4129 reges
411 4061 533 4129 gentibue
548 4063 627 4116 dandi
644 4065 704 4116 olim
720 4066 1024 4130 potestatenrhabuerit.
1060 4065 1157 4134 quippo
1175 4014 1293 4118 aiiosun

200 4135 336 4198 astatque
353 4148 369 4183 a
385 4131 502 4184 Romana
518 4131 629 4184 alienum
647 4133 779 4196 libertate,
795 4133 922 4199 dominos,
939 4145 967 4187 at
984 4153 1036 4187 non
1050 4134 1183 4204 principes
1200 4131 1292 4202 appel-

198 4192 254 4248 lora
266 4199 440 4268 imperantes,
465 4211 592 4268 quatenus
606 4201 703 4254 domini
719 4218 811 4253 nomen
827 4220 959 4258 commune
972 4203 1038 4274 ipsis
1052 4214 1080 4258 ot
1092 4221 1169 4257 unum
1186 4218 1291 4255 servum

199 4265 410 4336 possidentibus,
436 4270 562 4338 principia
580 4280 665 4322 antem
680 4269 773 4323 nullius
793 4270 844 4323 nisi
863 4271 979 4340 ipsorum
995 4282 1045 4326 est.
1081 4293 1113 4328 ac
1128 4272 1292 4325 manifestum

199 4348 307 4401 prorsus
323 4346 379 4402 eat,
404 4339 535 4392 Romanoa
551 4339 637 4391 solere
656 4339 774 4392 dominos
791 4341 923 4409 appellare
946 4361 992 4395 eos
1015 4342 1060 4412 qui
1084 4342 1191 4409 tyranni
1207 4342 1292 4406 inere,

200 4401 279 4454 aiouti
297 4402 396 4471 Syllam
410 4407 536 4462 videlicet
547 4407 721 4486 Mariumque,
737 4418 765 4462 et
777 4409 979 4465 dominationem
991 4413 1166 4482 tyrannidem.
1201 4410 1291 4482 depri-
