3125 4959
592 380 648 447 DE
672 378 883 449 MENSIBUS
908 378 965 446 IV.
1252 378 1323 449 103

229 548 411 639 βαρβάροις.
460 548 542 641 δάλιρ
559 552 595 618 δέ
608 547 693 635 ὅμως
710 546 877 633 άπίλλυται
896 553 947 617 καὶ
964 551 1160 634 παμπληθεί·
1186 544 1241 616 δίο
1264 548 1324 636 γάρ

229 655 367 741 Πέρσαι,
394 652 676 743 ἀκραιτηριάσαντες
693 651 821 733 ἐαυτοέις
841 654 928 726 ὤτων
946 680 978 719 τε
999 656 1049 718 καὶ
1067 652 1248 740 μυκτήρων,
1273 654 1324 717 ἐλ-

229 756 339 834 adom
360 757 500 824 ἀπατῶσι
523 758 575 824 τδν
586 755 768 837 Ἰουλιανόν,
793 765 920 823 τοιαῦτα
936 758 1012 844 πρὸς
1027 763 1082 821 τοῦ
1096 758 1247 837 βασιλέως
1261 781 1324 819 πα-

229 862 299 925 θεῖν
313 868 374 926 τῶν
388 864 521 947 Περσῶν
533 860 728 946 ὀδυρόμενοι,
751 858 905 927 δύνασθαι
916 859 999 943 ὅμως
1004 908 1015 939 ,
1037 860 1118 945 είπερ
1131 858 1234 935 αὐτοῖς
1248 859 1322 942 ἐψε-

206 979 283 1033 5ται
308 960 323 1027 ὖ
343 962 522 1042 Ἰουλιανάς,
547 965 599 1041 ἐπ’
619 964 714 1049 αδτῆς
730 964 824 1030 αὐτὸν
838 967 989 1049 Γοργοῦς,
1014 969 1071 1045 τῆς
1085 964 1244 1045 βασιλίδος
1259 967 1322 1026 τῶν

228 1068 382 1153 Περσῶν,
404 1074 533 1154 νικαῖγτα
554 1075 754 1151 καταστῆσαι.
804 1064 886 1145 δδέ,
911 1073 967 1149 τῆς
978 1066 1175 1152 πεπρωμένης
1188 1059 1319 1148 ἐπειγοά-

229 1192 302 1251 ’λῖν
325 1166 479 1255 Ζιοτιάρου
495 1196 527 1235 τε
547 1169 613 1252 ἅμα
629 1177 685 1236 τοῦ
696 1168 893 1255 Ἡροδοτείου
910 1172 962 1233 καλ
976 1170 1108 1245 Σίνιονος
1123 1173 1179 1232 τοῦ
1194 1167 1324 1252 Οὐεργι-

228 1276 335 1337 λιανοῦ
349 1273 592 1356 ἐπιλελησμένος,
617 1273 674 1349 τὰς
683 1280 759 1349 ναῦς
771 1270 1021 1360 καταφλέξαςδί
1036 1260 1079 1334 ὧν
1092 1271 1144 1366 τὸν
1157 1265 1325 1355 Είιηράτην

230 1375 431 1462 παρεφέρετο,
458 1372 501 1453 ὡς
514 1375 557 1459 μὴ
574 1372 729 1458 δήπουθεν
741 1377 880 1459 Πέρσαις
891 1374 997 1439 ἀδειαν
1009 1379 1066 1439 τοῦ
1071 1370 1253 1458 χρησασθαι
1267 1371 1325 1435 ad-

189 1488 314 1554 1οταῖς,
339 1479 467 1559 μετρίαν
482 1477 549 1544 τινὰ
568 1475 706 1560 δαπάνην
719 1480 893 1557 κομίζοντος
914 1482 970 1541 τοῦ
988 1483 1138 1562 στρατοῦ,
1163 1485 1228 1552 τοῖς
1243 1474 1324 1539 άπα-

229 1586 322 1643 ταλσιν
337 1576 558 1661 ἠκολούθησεν.
607 1579 637 1642 ολ
653 1581 688 1644 δὲ
704 1583 745 1655 είς
761 1579 857 1663 ’ξηράν
876 1581 927 1643 καὶ
945 1578 1076 1664 ἀνυδρον
1091 1575 1253 1662 ἀγαγόντες
1268 1576 1326 1640 σά-

229 1680 284 1745 τδν
306 1682 498 1765 δυσχωρίαν,
521 1680 573 1745 τδν
592 1678 684 1745 δάλον
710 1678 929 1763 ἀπεκάλυψαν,
954 1683 1006 1745 καὶ
1020 1679 1106 1745 αὐτοὶ
1121 1681 1176 1762 μέν
1201 1682 1255 1761 (τί
1267 1677 1327 1763 γὰρ

228 1774 268 1865 ἦν
290 1783 419 1864 πλέονς)
446 1780 619 1859 ἀπείλοντο,
645 1780 663 1846 δ
688 1785 723 1846 δέ
740 1782 901 1865 βασιλεύς,
925 1782 1000 1847 aridd-
1015 1787 1178 1867 προελθεῖν
1192 1783 1327 1846 ἐπέκεινα

231 1886 302 1949 οὐδὲ
314 1884 504 1969 ἀναστρέψαι
517 1884 553 1949 τά
570 1874 675 1949 λοιπὸν
690 1880 835 1969 εδρίσιιων
842 1932 853 1963 ,
872 1887 1000 1969 οέκτραλς
1014 1886 1185 1971 ἐφθείρετο.
1236 1881 1278 1960 ὡς
1293 1883 1328 1947 δέ

189 1996 224 2053 1⁵
233 1986 268 2053 τά
287 1988 364 2053 πολδ
382 1987 476 2075 μέρος
493 1993 549 2068 τῆς
565 1991 710 2073 στρατιάς
724 1989 857 2053 διέπεσεν
863 2037 873 2065 ,
899 1988 1078 2053 ἀσθενοῦντι
1094 1985 1179 2072 adep
1191 1987 1327 2067 ἐπῆλθον

231 2090 260 2156 αλ
280 2092 416 2176 Πέρσαι.
462 2089 682 2166 ἐλατταιδέντες
705 2090 739 2154 δέ
759 2093 813 2157 καὶΙ
830 2087 927 2167 οὕτως
941 2081 1035 2165 αὖθις
1050 2090 1237 2165 ἐπιτίθενται.
1247 2088 1327 2171 μηδέ
1343 2108 1372 2161 p·
1391 2092 1441 2147 120

231 2189 286 2257 δάο
309 2190 464 2278 μυριάδας
486 2190 601 2275 ἔχοντι,
627 2199 671 2281 τῷ
696 2194 767 2279 πρὶν
792 2190 992 2257 ἑπτακαίδεκα
1017 2194 1200 2278 ἐπαγομένῳ.
1252 2188 1269 2254 ὁ
1293 2191 1328 2255 δέ
1413 2257 1415 2262 ,

228 2294 391 2371 Ἰουλιανὸς
413 2296 582 2378 ἐμαχέσατο
599 2294 722 2381 ἀριστα.
773 2292 815 2372 εἷς
829 2297 907 2360 δι’-ἐκ
924 2302 978 2379 τῆς
990 2299 1145 2382 Περσικῆς
1159 2293 1326 2381 φάλαγγος,

230 2403 291 2463 τῶν
305 2397 471 2483 λεγομένοιν
486 2402 684 2485 Σαρακηνιῦν,
703 2399 736 2463 ἐκ
753 2406 808 2483 τῆς
825 2395 1005 2485 ἁλουργίδας
1018 2399 1148 2480 βασιλέα
1162 2394 1327 2478 δπολαβιδν

189 2500 377 2587 Ξοάνέιιραγε
401 2502 536 2587 πατρίως
557 2499 713 2585 Μαλχάν,
727 2500 829 2567 ,οἱονεὶ
844 2497 1006 2584 βασιλεύς,
1028 2503 1080 2565 καὶ
1097 2502 1222 2586 ἐπαφεὶς
1238 2499 1327 2588 ῥοίζῳ

232 2603 287 2685 τὴν
312 2604 473 2689 λεγομένην
495 2603 651 2691 ῥομφαίαν
673 2602 816 2687 διήλασεν
839 2604 933 2669 αὐτὸν
950 2604 1029 2669 κατὰ
1045 2610 1102 2669 τοῦ
1117 2603 1222 2689 ίητρου.
1271 2609 1327 2668 τοῦ

232 2706 268 2772 δέ
287 2707 480 2794 Ὀρειβασίσν
504 2708 686 2790 κομίσαντος
698 2707 791 2773 αὐτὸν
809 2711 851 2785 είς
866 2707 922 2791 τὴν
938 2705 1134 2794 παρεμβολὴν
1151 2708 1202 2770 καί
1219 2705 1328 2769 διαθέ-

300 2869 460 2955 prooem
475 2868 509 2922 Ρ.
614 2868 631 2922 8
648 2864 700 2930 τάς
712 2867 829 2953 censorie
844 2867 953 2921 Hosius.
1058 2870 1075 2922 9
1092 2863 1214 2951 Πίρααιη
1227 2866 1329 2919 δοῦναι

301 2939 401 2991 αδειαν
427 2938 537 2995 Hostus.
677 2940 707 2992 11
736 2940 863 3002 ανυδρον
888 2937 1055 2990 Roetherusr
1087 2937 1165 3003 volgo
1193 2952 1327 3005 οινυγρον.

300 3009 335 3062 1³
349 3008 517 3078 προσελθεῖν
531 3006 608 3060 libri:
626 3024 686 3061 corr
701 3008 863 3061 Roetlreros.
980 3009 1026 3059 20·
1036 3002 1169 3073 εἰσέπραξε
1182 3005 1215 3059 Ρ.

230 3142 375 3197 tolerabilis
398 3150 457 3198 erat
476 3143 609 3197 barbaris.
643 3142 703 3198 dolo
723 3142 910 3200 outemnihilo
931 3142 1016 3196 ndrrrrs
1039 3142 1111 3212 perit
1132 3160 1189 3197 cum
1210 3141 1330 3196 omnibus

231 3214 298 3265 adeo
314 3212 414 3283 copiis:
438 3215 490 3265 duo
506 3214 574 3265 enim
588 3213 702 3277 Persae,
738 3214 764 3264 ui
777 3212 901 3265 mutilatis
919 3214 1026 3264 auribus
1043 3213 1202 3280 naribusque
1219 3214 1252 3263 sd
1270 3228 1330 3263 eum

232 3290 374 3349 venerant,
391 3280 526 3351 decipiunt
538 3279 680 3349 lulianum,
696 3231 761 3331 talia
773 3298 804 3333 se
817 3297 833 3331 a
846 3279 985 3331 Persarum
998 3296 1062 3347 rege
1076 3297 1167 3348 passos
1181 3278 1330 3347 plorantes;

231 3368 312 3421 poseo
328 3360 430 3419 tamen,
447 3349 576 3418 siquidem
590 3349 662 3417 ipsos
681 3354 818 3402 secuturus
832 3356 904 3401 esset
917 3347 1047 3415 Iulianus,
1064 3347 1092 3399 in
1109 3348 1168 3416 ipsa
1182 3365 1241 3401 eum
1256 3349 1329 3399 Gor-

175 3432 177 3437 ·
232 3438 317 3487 gone,
346 3419 422 3485 regia
442 3418 598 3484 Persarum,
627 3418 754 3470 victorem
775 3418 899 3469 reddere.
934 3416 978 3468 ille
1003 3426 1087 3469 antem
1114 3419 1171 3469 sato
1196 3418 1329 3485 adigente,

232 3486 334 3557 Zopyri
352 3486 427 3538 simul
445 3486 592 3539 Herodotei
609 3499 637 3539 et
653 3486 760 3539 Sinonis
777 3485 921 3553 virgiliani
936 3485 1048 3552 oblitus,
1074 3484 1185 3537 navibus
1202 3485 1327 3552 incensis,

232 3558 329 3638 quibas
345 3572 394 3624 per
406 3554 570 3623 Euphratem
587 3564 679 3606 vectus
697 3565 770 3621 erat,
794 3572 828 3605 ne
844 3554 969 3607 videlicet
984 3553 1072 3610 Persis
1090 3554 1166 3605 daret
1178 3553 1330 3606 facultatem

233 3626 267 3677 ira
287 3623 392 3692 utendi,
416 3624 572 3676 mediocrem
590 3631 758 3681 commeatum
779 3622 898 3675 exercitu
915 3630 1036 3691 portante
1052 3621 1210 3689 impostores
1223 3632 1330 3675 secutas

234 3702 292 3757 eut3
316 3694 362 3763 qui
378 3692 423 3745 ubi
441 3710 499 3745 eum
516 3690 642 3744 inlocum
660 3690 795 3743 difficilem
813 3692 913 3743 aridum
927 3700 955 3742 et
970 3706 1039 3757 eqrra
1057 3699 1189 3744 carentem
1210 3693 1329 3745 dedare-

234 3771 310 3829 runt,
333 3761 418 3815 dolum
439 3769 614 3830 aperuerunt,
639 3767 667 3814 et
691 3760 743 3830 ipsi
763 3759 868 3830 quidem
893 3758 976 3827 (quid
999 3759 1068 3810 enirn
1084 3760 1213 3829 reliquum
1227 3762 1328 3829 erati)

234 3831 387 3902 perierunt,
407 3831 551 3899 imperat-or
564 3839 664 3896 aratam,
686 3846 771 3897 neque
788 3829 916 3897 quomodo
932 3830 1137 3896 progrederetur
1153 3828 1262 3882 ulterior
1279 3847 1328 3881 ne-

234 3917 287 3969 que
310 3900 438 3968 quomodo
461 3907 641 3951 reverteretur
664 3898 773 3967 arrrplius
796 3897 949 3962 invenicus,
980 3896 1075 3949 misere
1093 3897 1254 3951 ¹interfectus
1276 3905 1328 3951 est.
1416 3901 1419 3906 ‘

235 3969 282 4021 ubi
305 3978 391 4021 roton
412 3967 495 4020 maior
514 3984 575 4036 pars
601 3969 733 4020 exercitus
755 3964 863 4035 effugit,
889 3966 1018 4018 laboranti
1041 3962 1103 4036 ipsi*
1119 3974 1330 4036 supervenerant

234 4037 349 4103 Persae,
373 4046 401 4089 et
419 4054 565 4107 quanquam
589 4037 688 4089 ‹levicti
703 4036 746 4087 vel
763 4037 802 4087 sic
820 4052 876 4087 σιιιιι
899 4034 1052 4090 adorirmtur
1069 4053 1103 4087 ue
1116 4036 1212 4103 viginti
1224 4035 1329 4104 quidem

235 4105 307 4158 milia
321 4107 474 4172 habentem,
493 4123 550 4157 curu
567 4116 644 4157 antea
659 4115 762 4157 centum
781 4115 809 4157 et
822 4104 989 4172 septuaginta
1004 4103 1075 4155 milia
1086 4104 1248 4157 adduxisset.
1283 4104 1329 4156 Iu-

235 4173 320 4225 lianus
338 4193 403 4228 vero
421 4176 556 4244 pugnabat
573 4191 672 4226 stantuna
686 4173 802 4236 virtutc3
826 4190 893 4225 ιιιιιιο
909 4180 994 4225 mrtem
1017 4190 1050 4224 ex
1066 4172 1174 4225 Persica
1189 4172 1329 4244 phalange,

236 4244 426 4296 Saracenorum
445 4243 491 4311 qui
512 4243 682 4309 dicebantur,
708 4260 741 4293 ex
757 4258 874 4311 purpura
890 4241 1073 4309 imperatorem
1094 4260 1153 4294 esse
1169 4241 1329 4311 suspicatus,

236 4310 322 4382 patrio
346 4330 466 4365 sermone
488 4311 644 4364 exclamavit
666 4313 801 4374 mols-hoo,
826 4312 846 4363 i.
868 4329 893 4362 e.
911 4328 973 4375 rex,
997 4319 1025 4361 et
1045 4307 1124 4362 misso
1140 4326 1197 4362 cum
1214 4309 1330 4363 stridere

238 4398 317 4450 errae,
333 4380 379 4451 qui
396 4378 525 4450 ῥομφαία
539 4381 651 4448 dicitur,
669 4379 775 4434 traiecit
792 4396 851 4432 eum
869 4379 940 4432 circa
953 4380 1091 4433 abdomen.
1125 4378 1265 4433 Oribrsias
1279 4396 1327 4432 eu-
