3125 4959
644 442 894 512 PRAEFATIO.
1234 462 1317 513 nux

302 637 353 703 Ad
365 640 535 704 versionem
547 650 647 703 autern
658 641 741 726 quod
753 646 876 721 attinet,
897 642 994 703 fateor
1003 661 1070 720 me,
1090 645 1227 727 quamvis
1238 638 1317 704 nihii

216 759 279 803 non
299 745 425 804 fecerim
446 746 554 821 necubi
573 764 622 804 me
644 749 771 807 rumoris
787 747 934 806 sententia
947 746 1080 827 fugeret,
1101 749 1198 806 vereri
1214 757 1318 807 tamen

216 864 257 905 ne
271 848 429 931 aliquoties
441 866 459 905 a
470 866 541 908 vero
555 846 765 908 aberraverirn.
808 850 920 909 etenim
932 869 993 909 non
1004 868 1099 928 pauca
1113 849 1315 926 occurrebant,

217 952 295 1029 quaa
317 947 467 1032 quomodo
491 949 682 1030 potissimum
704 962 853 1012 verterem
869 950 1013 1011 dubitavi.
1056 951 1243 1012 obscuritatis
1259 971 1315 1010 un-

216 1061 280 1110 tem
296 1052 382 1131 culpa
398 1053 508 1132 partim
519 1054 594 1132 ipsis
605 1053 693 1113 rebus
705 1055 816 1133 partim
829 1056 942 1113 auctori
952 1051 1127 1130 tribuenda,
1149 1055 1233 1113 cuius
1247 1073 1316 1113 ora-

216 1155 259 1213 tir
270 1156 480 1234 perspicuitate
491 1155 616 1213 minime
628 1154 863 1216 commendatur.
905 1176 978 1215 nam
988 1166 1018 1215 et
1029 1156 1120 1215 verba
1134 1154 1316 1236 quandoque

215 1274 323 1335 parum
340 1258 449 1315 usitata
462 1266 514 1315 aut
526 1258 729 1332 insolentiori,
750 1268 785 1317 ut
798 1255 876 1318 mihi
888 1257 1013 1340 quidem
1024 1255 1197 1333 videbatur,
1218 1257 1317 1336 signi·

216 1356 353 1417 ficatione
366 1362 536 1439 usurpavit3
558 1369 593 1418 ut
605 1379 823 1441 nonnunquam
835 1363 867 1419 in
877 1358 1020 1425 vertendo
1032 1362 1133 1442 potius
1143 1378 1207 1418 rem
1217 1360 1317 1438 ipsam

217 1479 309 1542 quam
331 1460 450 1523 solitam
471 1462 632 1522 verborum
654 1464 718 1521 vim
739 1460 958 1543 'respiciendam
985 1455 1164 1545 putareriru.
1207 1457 1318 1535 horum

216 1562 375 1621 verborum
386 1563 530 1645 pleraque
545 1566 578 1623 in
592 1562 692 1623 iudice
707 1585 809 1624 rernm
822 1567 938 1641 notavi,
960 1563 1085 1625 adiectis
1103 1558 1171 1624 aliis
1184 1564 1318 1652 nonnul-

216 1663 270 1738 lis,
293 1682 370 1744 quae
392 1667 442 1723 vel
462 1668 495 1724 in
511 1668 619 1725 lexicis
631 1686 692 1727 nou
707 1668 881 1725 inveneram
896 1668 946 1726 vel
961 1668 1053 1725 aliam
1068 1666 1106 1724 ob
1121 1684 1242 1725 cansam
1256 1684 1314 1725 no·
1323 1689 1353 1745 p.
1360 1686 1481 1727 amru

214 1763 306 1823 tanda
329 1766 502 1828 arbitrabar.
545 1779 676 1827 ceterum
694 1770 792 1827 versio
815 1788 850 1826 eo
870 1770 968 1848 magis
991 1765 1131 1826 addenda
1148 1765 1315 1844 videbatur,

216 1865 298 1947 quod
314 1886 392 1949 qnae
408 1869 489 1928 lectu
503 1867 594 1951 digua
607 1870 788 1948 opusculum
803 1872 984 1944 contineret,
1005 1865 1046 1926 ad
1059 1887 1112 1929 eos
1127 1872 1317 1949 potissimum

215 1970 364 2048 pertinere
385 1981 522 2051 apertum
542 1982 606 2030 erat
627 1973 713 2053 queis
736 1974 832 2032 rarius
854 1991 943 2031 curae
960 1980 1006 2031 est
1019 1972 1200 2031 Graecarum
1211 1972 1319 2032 litera·
1428 2007 1429 2011 =

128 2056 132 2066 ¹
215 2090 283 2129 rum
298 2070 440 2133 studium.
474 2071 590 2157 *eadem
602 2084 637 2133 ut
649 2072 709 2133 fida
721 2077 819 2155 magis
834 2092 926 2154 quam
940 2082 974 2130 nt
989 2072 1110 2151 elegans
1126 2084 1220 2149 esset,
1240 2093 1317 2154 ope-

215 2170 384 2249 mindaii,
413 2184 444 2234 et
463 2177 497 2234 in
517 2174 655 2256 legendis
674 2177 789 2251 verbis,
816 2195 886 2233 cum
905 2184 1066 2255 utrumque
1086 2185 1236 2254 praestare
1254 2194 1317 2235 non

214 2292 351 2353 possem,
373 2277 577 2355 perspicuitati
592 2278 688 2335 malui
704 2296 797 2359 quarn
813 2275 952 2337 dictionis
966 2276 1096 2336 castitati
1107 2277 1274 2337 consulere.

299 2378 437 2455 Exposui
453 2377 585 2437 breviter
603 2396 679 2459 quae
694 2378 807 2439 laboris
822 2380 999 2438 meseratio
1015 2378 1124 2452 inerit,
1146 2379 1318 2460 quibusque

216 2474 255 2537 de
267 2474 354 2559 Lydo
368 2479 447 2538 bene
458 2480 570 2539 mereri
581 2478 758 2541 studuerim.
801 2477 942 2561 equidem
959 2478 1148 2559 diligentiam
1161 2478 1239 2539 milri
1252 2498 1316 2540 uon

216 2578 349 2641 defuisse
364 2582 444 2641 scio:
466 2600 526 2663 qna
546 2600 586 2643 au
605 2601 714 2663 operae
735 2582 866 2664 pretinm
883 2582 1023 2657 fecerim,
1044 2581 1174 2640 aliorum
1189 2581 1250 2642 fuit
1263 2582 1316 2641 iu-

216 2679 333 2759 dicare,
355 2684 464 2765 quibus
480 2683 616 2745 laborem
630 2704 735 2745 meum
748 2686 862 2765 publici
875 2684 950 2743 iuris
964 2683 1029 2742 fieri
1045 2683 1167 2763 placuit.

299 2785 474 2847 Scribebam
485 2787 641 2863 nutante,
662 2788 750 2848 nonis
764 2788 843 2863 lul,
863 2805 944 2845 enno
963 2786 1055 2852 1811.
