3125 4959
214 408 287 480 190
609 407 780 478 losnnts
805 408 908 478 sunl

209 576 304 667 μόνον
317 578 378 667 μδρ
394 577 450 658 τάς
464 583 525 646 τεόν
537 580 636 648 idatio
647 583 808 668 πρεσβείας
824 577 884 667 ἀφ’
903 578 1003 669 iocrqi
1015 577 1159 658 τελούσας
1175 577 1193 645 ὃ
1208 577 1300 668 μόρι-

210 709 303 770 στρος
326 683 403 767 έχειν
426 681 611 766 πιστεύεται,
640 682 747 751 τόντε
774 681 920 768 δημόσιον
946 681 1077 770 δρόμον,
1105 686 1156 748 καλ
1181 690 1302 768 πλῆθος

176 811 178 815 ·
210 787 357 876 ίμβριθδς
382 792 443 852 τῶν
471 784 566 853 πόλαι
594 789 650 870 μέν
676 789 924 877 φρουμενταρίων
942 794 996 851 νῦν
1016 788 1051 852 δι’
1068 795 1300 874 μαηιιστριανῶν,

209 889 266 976 τήν
280 915 312 956 τε
327 895 389 955 τῶν
403 888 504 955 ὅπλων
515 891 703 976 κατασκευὴν
718 895 768 956 καὶ
782 891 935 968 ἐξουσίαν,
961 889 1032 954 ἀλλ’
1051 890 1094 955 έτι
1108 892 1158 955 καί
1173 890 1301 974 τὴντῶν

209 999 371 1061 πολιτικῶν
393 991 594 1081 πραγμάτων,
619 997 670 1060 καλ
695 991 900 1083 διαφερόντως
918 993 1040 1080 Πέτρος
1060 985 1148 1069 οὗτος
1164 990 1181 1056 ὅ
1196 991 1326 1072 πολύς,5

210 1095 228 1165 ὃ
248 1098 356 1182 μηδενὶ
377 1105 446 1175 ταῖς
466 1097 587 1185 ἀρεταῖς
607 1096 686 1163 κατδ
706 1097 802 1181 μηδὲν
821 1093 969 1181 δεύτερος.
1020 1094 1159 1176 διασώζει
1173 1097 1229 1178 μέν
1242 1096 1303 1184 γὰρ

210 1203 261 1268 καὶ
278 1209 409 1288 φρουρεῖ
421 1201 476 1284 την
495 1197 607 1284 ordiris,
640 1201 690 1265 uni
707 1201 763 1284 τὴν
781 1197 951 1281 Ῥαηιαῖκὴν
970 1197 1026 1264 ούκ
1043 1196 1189 1265 ἀποπτύει
1207 1224 1303 1284 μεγα-

209 1301 365 1387 λειότητα,
390 1295 538 1388 ἦν’ίηγδς
560 1302 748 1387 ἀπολομένην
771 1303 929 1392 ἀβελτερίη
951 1307 1013 1366 τιόν
1033 1301 1093 1391 πρδ
1115 1302 1226 1381 αὐτοῦ,
1245 1298 1304 1368 ὀἶα

209 1406 308 1495 σοφὸς
331 1405 382 1471 καί
404 1405 456 1471 διά
476 1406 589 1482 παντὸς
606 1416 670 1483 τοῖς
684 1407 816 1488 βιβλίοις
830 1405 1041 1492 προσανέχων,
1067 1404 1303 1488 ἀποκαθίστησι.

210 1509 284 1588 τούς
303 1509 338 1574 δέ
359 1505 472 1592 νόμους
492 1509 580 1586 sidric
604 1508 685 1596 είιιερ
706 1535 753 1586 τις
775 1507 886 1586 ἀλλος,
911 1504 958 1584 οἷς
978 1511 1011 1585 έξ
1036 1504 1163 1572 ἀπολῶν
1187 1506 1303 1590 ὀνύχων
1311 1517 1347 1571 10

209 1607 383 1700 ἀνετράφη,
414 1617 588 1698 σννηηόριόν
615 1622 679 1689 τοῖς
708 1611 877 1695 δεομένοις,
912 1609 1015 1697 ἀρχιον
1037 1636 1069 1676 τε
1090 1611 1231 1696 μέγιστος
1253 1613 1304 1675 καλ

210 1715 300 1794 ἀξίαν
322 1714 422 1803 ἀφρόν
442 1722 498 1799 τῆς
518 1717 654 1793 ἔξουσίας
676 1715 838 1779 ἀνατείνων
856 1716 996 1796 ἐδείχθη,
1015 1717 1066 1777 καὶ
1079 1713 1223 1795 δικαστὴς
1235 1713 1306 1789 ὀξύς

211 1821 263 1884 troi
283 1816 317 1881 τό
337 1820 453 1881 δίκαιον
470 1820 583 1900 κρίνειν
601 1821 764 1901 είλικρινῶς
781 1812 992 1895 ἐπιστάμενος,
1012 1814 1089 1876 κατὰ
1104 1815 1199 1895 μηδέν
1213 1815 1305 1879 αὐτὸν

209 1913 411 2001 ἀπτιαζοόσης
426 1923 481 2000 τῆς
493 1915 594 2001 τύχης.
644 1923 742 2004 πράος
757 1917 813 1999 μέν
828 1913 888 2002 γάρ
903 1917 965 1979 ε’στι
979 1917 1030 1980 καὶ
1044 1916 1204 1998 μειλίχιος,
1230 1915 1302 1980 ἀλλ’

211 2022 267 2087 oriar
287 2020 411 2110 εὐχερὴς
432 2020 502 2087 οὐδὲ
518 2019 594 2107 πρὸς
607 2019 663 2096 τάς
677 2017 810 2102 αἰτήσεις
830 2017 888 2095 έξω
904 2024 959 2083 τοῦ
974 2016 1069 2100 νόμου
1085 2016 1304 2100 καμπτόμενος,
1313 2020 1346 2076 1⁵

212 2123 356 2212 ἀσφαλὴς
383 2123 417 2189 δέ
446 2119 523 2205 ὁμοῦ
548 2124 599 2187 καὶ
623 2123 803 2210 προβλέπων
828 2121 884 2198 τάς
905 2117 1004 2209 δρμάς
1027 2127 1088 2187 τῶν
1108 2120 1305 2207 προσιόντων,

212 2228 328 2312 μηδένα
351 2224 458 2312 καιρόν
479 2235 546 2302 ταῖς
567 2225 735 2316 ῥᾳθυμίαις
755 2232 962 2312 παραχωρῶν,
984 2224 1039 2309 τὴν
1059 2224 1116 2305 μέν
1137 2224 1230 2289 νύκτα
1244 2236 1307 2302 τοῖς

195 2331 343 2413 Ιβιβλίοις
364 2328 419 2412 τὴν
443 2328 477 2392 δὲ
499 2324 616 2412 ἡμέραν
637 2338 701 2406 τοῖς
720 2325 894 2415 πρόημασιν
910 2331 1092 2410 ίκιιείμενος,
1117 2330 1195 2412 μηδὲ
1212 2329 1307 2412 αὐτὴν

211 2432 268 2515 τὴν
285 2432 373 2519 μέχρι
389 2437 444 2515 τῆς
458 2431 553 2514 αὐλῆς
570 2433 602 2496 ἐκ
616 2438 672 2515 τῆς
689 2434 785 2509 οἶκιάς
800 2434 831 2497 έν
845 2429 976 2514 ὁμιλίαις
996 2433 1176 2516 decerpitur
1192 2428 1305 2506 ἁπλοῦς,

212 2531 360 2620 ζητήμασι
378 2536 411 2599 δέ
424 2540 553 2619 λογικοῖς
566 2536 617 2598 καὶ
630 2533 799 2622 ἀφηηιὴσεσι
816 2531 1002 2621 πραγμάτων
1012 2533 1216 2618 ἀρχαιοτέρων
1227 2531 1349 2615 preston

213 2646 275 2705 τῶν
290 2640 357 2724 περὶ
374 2643 470 2703 ταῖτα
486 2635 693 2720 σχολαζόντων
712 2635 890 2719 είλοόμενος.
921 2639 970 2699 καὶ
988 2636 1093 2722 καιρὸς
1107 2635 1206 2712 οὐδεὶς
1223 2637 1306 2724 αύτῷ

213 2738 408 2826 διδαηηιότων
422 2741 502 2805 ἔστὶν
514 2740 676 2825 ἀμέριμνος
683 2789 693 2819 ,
719 2737 761 2816 ὡς
775 2739 847 2816 τούς
859 2746 919 2805 τῶν
937 2737 1035 2824 λόγων
1049 2738 1195 2822 ἐξηγητὰς
1209 2739 1306 2803 δεδιέ-

212 2868 262 2908 ναι
278 2843 334 2927 τὴν
349 2843 426 2929 πρός
442 2842 533 2909 αὐτόν
544 2845 696 2926 ἐντυχίαν·
720 2841 877 2931 πράγμασι
891 2844 951 2931 γὰρ
966 2841 1077 2921 αύτούς
1093 2844 1144 2906 καλ
1158 2849 1306 2927 στροφαῖς

283 3021 314 3075 11
333 3013 493 3086 tarteson?
610 3023 644 3077 16
659 3021 818 3092 προϊόντων
834 3023 868 3076 (λ.
990 3022 1024 3074 17
1036 3015 1123 3087 μηδὲ*
1138 3009 1255 3087 ‘imm
1271 3020 1306 3073 ⁰·

283 3090 316 3143 18
333 3083 483 3156 ἐγκείμενος
495 3091 530 3142 F.

214 3243 331 3300 cationes
353 3241 506 3313 populorum
528 3239 651 3308 magistro
675 3241 832 3307 creduntur,
858 3245 886 3293 et
901 3255 992 3291 onrsm
1008 3239 1144 3310 publicus,
1166 3248 1195 3297 et
1218 3243 1309 3312 garis

214 3314 351 3368 multitudo
374 3311 613 3380 magistrianorum,
638 3309 684 3379 qni
702 3310 762 3362 olim
779 3308 942 3362 frumentarii
958 3309 1023 3360 dicti
1038 3320 1114 3378 sunt,
1142 3320 1171 3366 et
1190 3313 1308 3366 fabricae

214 3391 385 3454 potestasque
409 3398 552 3446 armorum,
578 3397 666 3432 verum
688 3388 716 3431 et
738 3377 853 3431 civilium
875 3379 982 3447 iusuper
1004 3395 1090 3432 rerum
1107 3380 1307 3449 administratio,

216 3469 248 3505 oc
289 3451 412 3520 raecipne
435 3450 516 3503 Petro
537 3447 576 3501 itii
599 3449 757 3516 clarissimo,
783 3447 925 3500 virtutibus
951 3446 1020 3500 nulia
1034 3448 1062 3501 in
1079 3467 1109 3502 re
1128 3451 1246 3520 cuiqnam
1262 3467 1306 3501 se-

215 3470 309 3573 cundo.
346 3515 486 3573 couseriat
500 3518 569 3572 enim
586 3519 751 3589 custoditque
763 3517 855 3584 auriam,
872 3534 921 3569 neo
933 3517 1073 3570 Romanam
1089 3520 1192 3588 respuit
1207 3518 1307 3586 magni-

214 3588 361 3656 ficentiam,
379 3606 455 3658 quam
472 3606 556 3656 paene
574 3588 713 3641 extinctam
730 3586 845 3658 priorum
862 3585 983 3653 inscitia,
1000 3596 1094 3657 utpote
1108 3588 1213 3657 sapiens
1230 3596 1258 3640 et
1273 3586 1307 3637 ii-

215 3656 271 3710 bris
288 3673 371 3726 usque
388 3658 502 3724 deditus,
519 3657 644 3710 restituit.
679 3657 751 3724 leges
768 3667 862 3719 autem,
879 3654 902 3706 si
920 3654 978 3723 qnia
996 3657 1110 3724 omnino,
1126 3657 1230 3722 orliens,
1248 3654 1308 3724 qui-

213 3727 264 3779 bus
281 3741 298 3776 a
314 3726 413 3778 teneris
430 3727 574 3795 unguiculis
593 3727 704 3781 imbutus
722 3735 776 3792 est,
801 3723 944 3794 potentium
961 3726 1126 3778 defensorem
1142 3744 1171 3778 se
1188 3742 1219 3777 ac
1236 3741 1306 3776 suar-

214 3809 283 3847 mnm
300 3796 490 3862 magistratum,
515 3796 671 3864 dignamque
689 3803 819 3864 potestate
834 3793 1005 3861 gravitatem,
1023 3795 1143 3864 idemque
1159 3801 1261 3846 acutum
1277 3811 1308 3846 aa

213 3861 327 3916 iudicem
352 3873 380 3915 et
399 3866 484 3917 nudae
507 3864 623 3917 institine
645 3865 673 3916 in
695 3863 832 3914 iudicando
848 3862 973 3915 cultorem
993 3865 1123 3927 ostendit3
1146 3880 1230 3930 troque
1248 3879 1307 3914 eum

215 3947 326 4001 uuquam
351 3930 454 3984 iaciiern
479 3935 584 3986 fortuna
608 3933 731 3985 reddidit.
767 3942 915 3984 mansuetus
933 3933 1001 3985 enirn
1019 3942 1061 3985 est
1077 3942 1105 3984 et
1121 3933 1261 3997 humanus,
1278 3940 1308 3983 ut

215 4018 268 4055 uon
284 3998 366 4064 lavis}
391 4017 477 4068 nequo
494 4002 616 4070 precibus
634 4002 724 4068 alege
741 4001 872 4068 flectitur,
891 4003 938 4055 aed
956 4000 1137 4054 bruttianum!
1155 4009 1211 4068 est,
1228 4017 1306 4068 prse-

215 4070 340 4138 videtque
361 4069 510 4121 adeuntium
532 4080 650 4123 coriatus.
686 4070 779 4123 nulium
797 4087 861 4123 nero
878 4079 980 4140 tempus
997 4068 1193 4123 remissionibus
1210 4087 1305 4121 couce-

216 4140 281 4192 dens
304 4145 380 4190 nocte
403 4136 491 4203 libris,
516 4139 560 4190 die
583 4139 696 4207 negotiis
721 4148 813 4200 νοσεῖς
839 4141 902 4210 quin
920 4140 1039 4193 domoin
1057 4136 1227 4205 antemium,
1252 4156 1304 4190 non

215 4207 334 4277 quolibet
348 4223 467 4259 sermone
484 4217 636 4275 contentus,
654 4207 850 4277 quaestionibus
868 4209 980 4263 literatis
997 4219 1025 4261 et
1040 4207 1203 4276 antiquarum
1221 4225 1307 4258 rerum

215 4276 455 4330 commemoratione
473 4292 529 4327 cum
546 4275 635 4328 barum
652 4277 777 4330 studiosis
794 4288 908 4332 tenetur.
942 4295 1028 4345 neque
1045 4286 1087 4329 est
1104 4276 1180 4330 ulium
1197 4276 1223 4328 ei
1240 4285 1307 4329 tem-

215 4362 265 4414 pus
289 4345 462 4398 doctrinarum
485 4343 657 4412 incuriosum,
684 4355 713 4399 ut
737 4347 870 4401 literannn
887 4351 1009 4402 doctores
1026 4361 1159 4398 occursum
1178 4345 1235 4398 eius
1251 4361 1305 4397 me-

215 4423 305 4469 tuant:
330 4413 457 4483 augustiis
473 4413 543 4468 euim
560 4431 606 4468 eoa
623 4415 742 4487 dolisque
758 4417 889 4489 implicat,
915 4417 1031 4469 modeste
1047 4413 1198 4486 sciscitans,
1222 4423 1251 4468 ut
1266 4412 1306 4465 io-
