3125 4959
610 414 668 481 na
693 414 909 486 osmunt.
1201 504 1204 510 ¹
1237 419 1310 490 355

315 584 382 654 Ἠλ
395 611 458 664 ιος
483 579 583 664 τοξό
590 610 608 651 τ
615 612 647 673 η.
681 583 754 651 όταν
769 582 785 651 ὃ
801 584 888 671 ήλιος
900 587 946 651 int
960 587 1013 652 τὸν
1026 581 1151 673 τοξότην
1165 585 1261 678 ἔλθῃ,
1286 597 1312 658 εἲ

213 691 338 776 σεισμὸν
354 691 488 774 συμβαιή
503 689 643 774 ηἐνίσθαι
651 736 661 766 ,
689 690 738 752 ἐπὶ
752 690 809 772 μὲν
825 697 879 774 τής
893 689 1138 776 μιμάληςἈσίας
1153 701 1190 781 τῇ
1206 695 1309 761 rodat

212 820 283 876 μονι
295 795 423 884 Ἀραβίην
431 842 442 871 ,
468 793 515 856 tut
532 792 567 856 δι’
582 798 636 874 τῆς
651 790 804 878 Εὐρώπης
819 783 976 884 Τυρσηνίην
993 797 1124 882 Κελτικῇ
1142 800 1193 861 καὶ
1203 795 1308 863 Ἱσπα-

212 899 263 988 νίρ
279 895 395 979 βλάβαι
412 895 468 978 οὐχ
481 894 514 958 αἲ
526 900 674 977 τυχοῦσαι
684 894 904 978 συμβήσονται.
941 896 1135 984 φθαρήσεται
1151 901 1211 986 γάρ
1229 905 1307 989 λιμῷ

186 1001 250 1064 aad
270 997 466 1083 βοσκήματα,
493 994 510 1060 ό
532 999 568 1061 δὲ
586 997 719 1075 ὠκεανὸς
737 997 821 1084 παρὰ
843 999 879 1063 τὸ
891 1001 1033 1087 ’πεφυκὸς
1046 1000 1248 1086 ἐκχυθήσεται
1266 1001 1307 1081 ὡς

210 1104 261 1166 καλ
284 1102 378 1186 αὐτὴν
399 1099 531 1183 Κάλπην
547 1101 783 1184 ἐπικλυσθῆναι,
804 1099 907 1179 πόλεις
919 1127 951 1166 τι
967 1106 1140 1194 κατομβριήι
1153 1106 1314 1172 κινιλυνεά-·

209 1231 323 1270 σουσιν.
372 1201 391 1287 ή
417 1205 450 1267 tir*
470 1202 592 1288 άνδρτία
610 1201 702 1290 φάσις
715 1205 748 1280 ἐξ
762 1205 879 1280 ἐνδείας
892 1213 953 1269 τῶν
967 1205 1137 1291 ἀναγκαίων
1150 1215 1305 1292 πανταχοῦ

209 1304 420 1394 φθαρήσεται,
447 1303 492 1370 ὅτι
507 1304 600 1392 άρρεν
613 1303 720 1392 ζῴδιον
734 1303 750 1369 ὃ
763 1304 898 1389 τοξότης.

310 1406 370 1475 58.
413 1407 558 1484 Ἥλιος
594 1407 801 1496 αίγόκεριρ.
842 1409 916 1474 ὅταν
941 1409 973 1473 de*
996 1405 1082 1492 ήλως
1105 1406 1304 1499 ἀποστρέφων

167 1508 267 1574 rodni
288 1517 343 1576 τοῦ
362 1512 461 1576 νοτιόυ
483 1516 660 1596 καμπτῆρος
680 1511 727 1574 dat
751 1511 804 1576 τὸν
823 1510 988 1597 αἰγόκερων
1007 1510 1084 1595 ἔλθη
1093 1558 1103 1589 ,
1130 1517 1157 1576 εί
1179 1515 1305 1594 σεισμὸν

204 1615 342 1696 συμβαίη
357 1617 497 1697 γενέσθαι
503 1661 514 1692 ,
536 1614 584 1676 ini
598 1614 654 1695 μὲν
664 1619 720 1696 τῆς
734 1612 800 1678 άνω
811 1613 914 1691 Ἄσίας
929 1619 1015 1678 πᾶσα·
1029 1611 1048 1696 ή
1061 1613 1168 1696 Ἰνδική
1180 1613 1303 1700 Ἀριανή

172 1787 175 1794 ,
203 1741 236 1780 τε
260 1719 311 1779 καὶ
335 1720 367 1778 Γ
363 1719 493 1802 ειλρωσία
499 1763 510 1794 ,
536 1717 584 1782 ἐπὶ
607 1717 641 1780 di
662 1721 717 1799 τῆς
739 1715 822 1783 κάτω
844 1719 966 1803 Φρυγία
983 1741 1015 1780 τε
1032 1723 1117 1780 πᾶσα
1132 1715 1304 1801 καὶἙλλή-

203 1843 350 1896 σποντος,
376 1820 424 1882 ἐπὶ
449 1821 483 1883 de*
504 1824 559 1900 τῆς
579 1816 731 1904 Εὐρώπης
750 1822 932 1885 Μακεδονία
953 1821 1003 1882 καὶ
1027 1816 1135 1908 Θρηίκη
1160 1820 1238 1905 πρὸς
1261 1828 1304 1909 τῷ

200 1919 357 2008 Ἰλλυρικῷ
377 1923 433 1997 ἕως
449 1920 570 2008 Ἴστρου
589 1929 729 2002 ποταμοῦ
749 1921 785 1988 οὐ
806 1924 936 2009 μετρίως
959 1919 1208 2006 ταραχθήσονται
1227 1925 1304 2009 πρὸς

163 2027 197 2083 15
206 2030 265 2089 τών
278 2022 510 2109 πλησιοχώρων,
537 2023 628 2088 καλοί
638 2025 802 2109 χείμαρροι
812 2051 852 2089 τα
868 2023 939 2106 λήϊα
952 2021 1162 2107 καταχώσονσι
1169 2074 1179 2103 ,
1207 2051 1303 2112 προσ-

203 2124 477 2208 επιλοιμωττόντων
489 2130 550 2190 τῶν
561 2122 775 2208 βοσκημάτων.
794 2202 795 2206 ¹
827 2123 972 2212 ἓμφόλιοί
982 2151 1014 2190 τε
1029 2125 1155 2208 πόλεμοι
1171 2126 1301 2206 ἔσονται,

202 2227 324 2312 ιἰνιίρων
348 2229 382 2290 δι’
403 2230 455 2289 καλ
479 2223 701 2307 μαντευμάτων
719 2227 839 2310 ψευδής
856 2226 960 2311 ὄχλος·
991 2228 1112 2310 ἓνιαχοῦ
1127 2229 1160 2292 da*
1176 2233 1228 2294 καλ
1244 2228 1301 2295 πό-

201 2336 262 2406 λιις
274 2326 400 2411 ἀθρόως
413 2325 757 2410 καταποντισθήσονται.

297 2429 434 2506 Ἥλιος
458 2426 505 2494 τλά
512 2454 553 2517 ρο
558 2426 647 2518 χόιρ.
680 2427 766 2512 ήλίου
790 2429 837 2493 ἰπὶ
858 2425 1008 2514 ὑδροχόον
1023 2426 1122 2504 ἰόντος
1140 2433 1167 2494 εἴ
1180 2429 1301 2514 γίνηται

157 2529 340 2621 ἳθσηισμός,
368 2532 416 2595 ἐπὶ
433 2532 491 2614 μὲν
504 2539 560 2614 τῆς
575 2529 638 2595 άιω
648 2530 883 2614 ἈσίαςὈξιανή
898 2530 1049 2614 Σογδιανὴ
1061 2531 1190 2617 Ἀραβία
1203 2531 1300 2617 μικροὶ

60 2636 63 2640 ’
198 2639 250 2701 καὶ
265 2636 403 2727 Ἀζανία,
429 2642 485 2718 τῆς
508 2635 541 2699 δὲ
560 2631 710 2720 Εὐρώπης
733 2631 752 2717 ἦ
781 2632 889 2725 Θρᾴκη
911 2634 967 2710 ἕως
984 2633 1152 2721 Ἰλλυρικοῦ
1175 2633 1299 2720 σφόδρα

198 2736 467 2827 ταραχθήσονται·
496 2735 621 2822 πόλεμον
643 2738 703 2824 γάρ
726 2744 836 2824 βαρεῖς
854 2738 1063 2802 ίπιπισοῦνται
1083 2746 1150 2814 ταΐς
1171 2734 1300 2823 χώραις.

267 2901 283 2954 1
313 2896 413 2952 εί--Ξ
427 2891 559 2964 γενέσθαι
583 2913 617 2950 ex
642 2897 669 2950 R
697 2895 747 2949 add
774 2893 812 2948 Η.
915 2889 1061 2949 6Κάστιιν
1078 2897 1118 2962 R,
1136 2891 1247 2949 Κάλπιυ
1264 2897 1296 2950 S.

266 2971 288 3022 8-
307 2965 340 3020 τὸ
360 2964 461 3031 ζώδιον
476 2966 509 3017 C.
648 2966 680 3019 11
698 2960 829 3032 Ἀθριοινή
847 2963 878 3016 S.
1017 2965 1049 3018 12
1064 2963 1222 3031 Γεδρουίιία
1238 2965 1309 3018 RS.-

268 3038 300 3089 1⁵
317 3029 626 3101 προσεπιλιμοοττόνταν
641 3035 676 3099 S,
692 3032 962 3086 fortassenonrnale.
980 3032 1017 3098 Η,
1087 3036 1121 3096 17
1138 3029 1154 3086 ὁ
1170 3028 1251 3100 ὄχλος
1262 3035 1295 3086 C.
1352 3095 1353 3098 Ἴ

266 3106 302 3158 20
317 3102 388 3169 όξινι
399 3103 551 3172 σονβὸιατη
559 3104 591 3171 C,
606 3098 687 3170 άξίνη
702 3100 854 3170 σουηδιανή
868 3103 924 3154 Rs.
943 3119 1003 3156 corr
1016 3102 1052 3171 H,
1070 3103 1129 3155 coli.
1144 3121 1172 3172 p.
1186 3104 1239 3159 ³82
1251 3105 1296 3156 21.

265 3236 325 3288 Sol
352 3237 559 3306 sagittario.
593 3236 634 3290 sol
656 3237 702 3290 ubi
725 3238 759 3290 ad
781 3236 945 3304 sagittarium
961 3235 1128 3306 pervenerit,
1157 3234 1181 3287 si
1198 3244 1295 3287 terram

196 3305 324 3373 contingit
341 3307 556 3372 contremiscere,
574 3305 602 3358 in
614 3305 680 3358 Asia
692 3306 792 3359 maiore
803 3306 902 3358 Arabia
915 3304 994 3372 felix,
1011 3304 1040 3356 in
1052 3305 1162 3372 Europa
1175 3303 1294 3370 Etruria,

196 3374 284 3428 Gallia
300 3374 500 3442 Lugdunensis,
524 3375 655 3443 Hispania
670 3375 828 3428 detrimenta
848 3368 917 3444 haird
934 3373 1004 3426 levia
1020 3373 1161 3442 accipient.
1197 3372 1294 3426 etenim

195 3459 293 3513 pecora
308 3443 397 3494 inedia
412 3444 572 3507 interibunt3
598 3459 711 3496 oceanus
725 3452 833 3525 praeter
849 3444 951 3495 modum
969 3441 1144 3506 redundabit,
1166 3448 1196 3494 ut
1209 3441 1294 3509 ipsam

195 3511 297 3580 Calpen
313 3511 350 3563 sit
365 3513 520 3576 obruturus;
544 3511 649 3580 oppidis
666 3512 708 3564 vis
725 3511 845 3564 unbrium
863 3510 1005 3580 periculum
1025 3511 1136 3562 creabit.
1171 3525 1294 3579 pressus-

194 3597 247 3648 que
259 3579 414 3632 difficultate
428 3580 633 3633 necessariorum
647 3581 744 3651 ubique
757 3579 861 3633 occidet
874 3579 958 3632 virilis
972 3595 1066 3631 sexus:
1080 3578 1178 3649 quippe
1190 3594 1292 3630 mascu-

194 3648 246 3702 lum
262 3649 364 3715 signum
380 3647 541 3715 sagittarius.
1228 3651 1229 3654 ’

262 3717 306 3769 58.
342 3716 400 3768 Sol
425 3717 643 3786 capricorno.
679 3716 719 3769 soi
741 3716 846 3785 quando
867 3715 900 3768 ab
920 3711 1293 3768 ammltneaaversusad
1396 3777 1398 3782 Ι

194 3785 374 3856 capricornum
388 3786 476 3851 venit,
495 3785 518 3836 si
531 3785 602 3838 sorte
617 3786 648 3838 fit
661 3792 848 3852 terraemotus,
864 3784 893 3835 in
909 3784 973 3836 Asia
990 3783 1125 3852 superiore
1138 3781 1215 3834 India
1231 3780 1292 3834 uni-

194 3871 288 3920 versa,
310 3853 424 3920 Ariana,
448 3854 597 3921 Gedrosia,
620 3853 648 3906 in
665 3854 792 3907 inferiore
808 3852 927 3920 Phrygia
944 3852 1026 3905 omnis
1047 3860 1075 3903 et
1092 3850 1291 3918 Hellespontus,

192 3921 222 3974 in
245 3923 354 3991 Europa
374 3922 530 3976 Macedonia
551 3922 719 3992 Thraciaque
742 3924 776 3974 ab
796 3921 902 3988 Illyrico
922 3922 1016 3974 Istrum
1040 3936 1124 3988 usque
1144 3921 1178 3971 ab
1196 3917 1292 3971 accolis

192 3990 263 4043 haud
279 3990 447 4044 mediocriter
467 3992 654 4056 turbabuntur3
675 4000 807 4044 torrentes
825 3999 883 4042 sata
902 3992 1028 4056 obruent,
1054 3989 1197 4056 pecudibus
1216 3986 1292 4038 simul

192 4060 256 4112 tabe
272 4059 386 4112 iniectis.
422 4059 537 4112 existent
554 4059 623 4112 belia
642 4059 745 4126 civilia,
772 4060 981 4126 somniorumque
998 4064 1027 4110 et
1042 4056 1224 4109 vaticiniorum
1240 4054 1291 4106 ial-

191 4142 279 4179 aorum
303 4128 456 4194 multitud03
482 4129 581 4200 oppida
603 4144 709 4198 quoque
731 4129 836 4198 integra
856 4127 953 4197 passim
975 4125 1052 4180 undis
1075 4125 1181 4178 marinis
1204 4123 1290 4176 invol-

189 4201 297 4250 ventur.
1165 4211 1167 4218 ’
1262 4229 1263 4232 ¹

261 4263 320 4317 Sol
343 4263 494 4334 aquario.
528 4261 585 4318 soie
600 4264 634 4316 ad
650 4263 787 4333 aquarium
803 4264 943 4318 accedente
960 4263 984 4316 si
1001 4263 1032 4315 fit
1049 4267 1236 4327 terraemotus,
1263 4257 1292 4310 in

191 4330 256 4385 Asia
273 4333 404 4402 superiori
426 4333 548 4402 Oxiana,
568 4332 719 4402 Sogdiana,
742 4333 842 4386 Arabia
863 4333 964 4399 minor,
990 4331 1108 4398 Azania,
1133 4329 1160 4381 iu
1182 4329 1292 4395 Europa

190 4401 305 4457 'lbracia
327 4403 361 4457 ad
380 4401 513 4472 Illyricum
536 4414 620 4472 usque
642 4403 779 4457 admodum
804 4403 988 4456 turbabuntur.
1024 4419 1082 4453 nam
1107 4397 1175 4452 belia
1199 4396 1293 4466 gravia
