3125 4959
264 399 342 470 '358
664 399 839 469 loturus
858 400 960 467 LYDI

369 566 405 650 ζ’.
441 574 480 657 τῇ
497 567 557 658 πρό
573 564 599 650 ζ’
616 572 704 636 εἰδῶν
717 571 885 660 ἀπαρκτίας
900 572 951 638 καὶ
965 567 1078 657 βορεάς
1093 565 1287 656 κατάλληλος.

368 671 409 756 η’.
448 671 559 761 τῇπρό
573 669 600 750 ς’
616 676 703 741 uiduis
720 672 937 763 οίκοςἍρεως·
970 672 1057 750 νότος
1071 673 1136 756 ἅμα
1150 677 1201 738 καὶ
1218 678 1361 766 ζέφυρος·

267 772 333 840 tte*
349 773 514 865 αἰγόκερως
530 775 665 862 ἄρχεται.
714 776 815 864 βροχή
839 805 871 846 τε
895 777 977 864 ἀμα,
1008 779 1060 843 καὶ
1082 778 1114 844 ἓν
1138 773 1251 873 ἕοπίρμ
1274 779 1361 860 νότος

265 877 388 959 πυκνός.

366 978 413 1047 θ’.
444 985 484 1068 τῇ
497 979 556 1068 πρό
572 975 595 1046 ε’
610 982 700 1047 sidcis
714 977 802 1061 νότος
818 983 869 1048 καὶ
884 980 1011 1072 όμβρος.
1369 994 1386 1048 5

366 1082 397 1150 ι’.
445 1089 485 1170 τῇ
498 1083 556 1170 πρό
573 1079 601 1148 δ’
618 1087 706 1150 εἰδῶν
721 1083 849 1169 ὁμοίως·
875 1083 941 1153 ὃόέ
955 1083 1042 1164 νότος
1053 1079 1234 1172 βιαιότερος.

367 1183 420 1251 ια’.
444 1191 484 1274 τῇ
498 1185 556 1273 πρό
573 1184 600 1272 γ’
616 1190 706 1253 εἰδῶν
721 1189 893 1277 ἀπαρκτίας
904 1190 982 1273 μετὰ
996 1197 1114 1279 βροχῆς
1127 1191 1179 1254 καὶ
1188 1185 1303 1276 χιόνος.

367 1286 420 1370 ιβ’.
446 1295 483 1375 τῇ
498 1289 557 1377 πρό
575 1285 604 1354 α’
617 1293 705 1357 είόῶν
719 1292 807 1370 νότος
823 1303 898 1360 πνεῖ.

366 1387 415 1476 ιγ’.
442 1394 534 1468 είόοῖς
552 1392 753 1484 Ἰανουαρίαις
775 1395 890 1484 ἄστρον
908 1391 1051 1484 κρυπτόν.
1102 1397 1154 1460 καί
1169 1400 1289 1482 πρῶτον
1304 1393 1361 1477 μέν

265 1487 354 1577 λόγος
370 1493 424 1560 τόν
438 1493 538 1560 ὀϊστόν
554 1493 695 1579 δίεσθαι,
718 1497 750 1565 ἔν
766 1501 800 1567 δὲ
814 1507 851 1586 τῇ
864 1502 947 1566 νυκτὶ
961 1499 1090 1586 βρέχειν.
1369 1507 1406 1562 10

367 1594 419 1662 ιδ’.
444 1605 482 1684 τῇ
505 1600 565 1687 πρὸ
590 1600 634 1665 ιβ’
659 1605 811 1668 καλενάῶν
835 1603 1054 1692 Φεβρουαρίων
1079 1599 1192 1688 ἀστρον
1217 1593 1360 1685 κρυπτόν,

265 1699 316 1762 καὶ
340 1701 459 1784 ποικάη
482 1703 580 1790 τροπὴ
603 1706 714 1791 βορίου
736 1706 802 1788 ἀμα
819 1709 870 1771 καὶ
887 1707 1066 1794 ἀπαρκτίου.
1117 1706 1169 1770 καὶ
1186 1699 1202 1768 5
1217 1703 1273 1786 μὲν
1286 1700 1361 1766 λίων

265 1798 392 1887 ἀρχεται
407 1801 549 1884 όόεσθαι,
575 1806 650 1872 ἔσθ’
670 1806 719 1873 ὅτε
734 1810 768 1874 ἀὲ
780 1809 893 1896 βρίχει.

367 1903 411 1970 ιε’.
446 1914 485 1991 τῇ
500 1907 558 1995 πρὸ
573 1906 612 1992 ιη’
628 1914 781 1976 καλενόιῦν
798 1911 967 1999 ἀπαρκτίας
981 1910 1033 1974 καί
1045 1911 1164 1996 βορρᾶς
1181 1909 1333 1996 σφοδρῶς.

365 2005 413 2084 13'·
439 2015 476 2094 τῇ
497 2011 557 2098 πρό
572 2008 608 2092 ιζ’
632 2017 784 2080 notentur
806 2011 823 2080 5
845 2016 901 2098 μίν
922 2011 1009 2098 ἥλιος
1029 2008 1187 2101 ὑδροχόον,
1223 2003 1311 2097 εάρος
1325 2007 1359 2072 te·
1369 2017 1405 2073 1⁵

261 2105 475 2196 pedronis

365 2211 413 2289 ιζ’.
444 2218 483 2296 τῇ
494 2211 554 2295 πρὸ
572 2209 609 2286 ις’
623 2215 775 2279 καλενόῶν
791 2209 811 2298 ἡ
825 2213 881 2298 μίν
896 2207 977 2302 λόρα
991 2209 1116 2301 ἀρχεται
1130 2205 1271 2292 δίεσθαι,
1293 2212 1361 2300 περὶ

264 2309 299 2375 δὲ
312 2310 369 2376 τόν·
380 2310 499 2398 ὄρθρον
511 2313 712 2400 ἀνεμομαχία.

365 2413 416 2498 ιη’.
442 2424 480 2502 τῇ
496 2415 554 2504 πρὸ
572 2414 606 2483 ιε’
627 2420 779 2483 καλενόῶν
797 2415 893 2482 ίωθεν
909 2416 965 2499 μίν
982 2411 1085 2481 όόεται
1101 2413 1117 2480 5
1132 2415 1219 2480 λίαν.
1248 2413 1359 2500 βορίου
1406 2422 1407 2426 ’

263 2512 330 2597 ἅμα
345 2519 396 2582 καί
412 2514 567 2614 νότονκια
585 2520 752 2608 ἀπαρκτίου
769 2515 907 2606 διαφορά
912 2565 923 2598 ,
946 2519 997 2584 καὶ
1011 2522 1137 2605 βροχῆς.
1166 2512 1183 2580 5
1200 2515 1235 2580 δὲ
1253 2517 1403 2604 ἀελφὶνω

260 2619 340 2700 μετὰ
355 2621 461 2683 λέοντα
476 2617 589 2685 όόεται.

364 2718 420 2786 ιβ’.
445 2729 483 2809 τῇ
502 2724 562 2810 πρὸ
586 2717 625 2787 ιδ’
647 2722 799 2788 καλενδῶν
822 2717 938 2810 τροπή,
973 2722 1024 2788 καὶ
1046 2719 1083 2789 τό
1104 2719 1288 2806 μεσαίτατον
1302 2725 1360 2788 τοῦ

263 2830 418 2906 χειμῶνος.

363 2925 400 2991 κ’.
439 2931 477 3011 τῇ
491 2925 551 3013 πρό
569 2923 607 3011 ιγ’
625 2929 778 2993 sannone
792 2932 910 3014 βορρᾶς
926 2928 977 2990 καὶ
993 2921 1100 3004 νότος.
1140 2924 1244 2993 καὶτὸ
1263 2923 1357 3011 με’σον

261 3029 317 3111 μίν
330 3036 385 3095 τοῦ
399 3029 541 3115 καρκίνον
555 3027 668 3109 όόεται,
694 3027 711 3093 5
729 3029 762 3093 όέ
775 3026 924 3116 όόροχόος
938 3027 1061 3116 ἀρχεται
1075 3029 1216 3114 ἀνίσχειν.
1363 3041 1398 3098 25

330 3176 346 3228 1
364 3167 506 3239 ἄναρκτος
518 3173 551 3228 C.
619 3167 680 3226 κατ’
696 3166 821 3239 ἀλλήλων
837 3173 893 3226 Ηῑ.
963 3173 981 3227 3
998 3164 1124 3242 ἄρχεται]
1139 3173 1247 3226 videtur
1263 3171 1357 3224 deesse

329 3239 459 3296 deiectius.
479 3243 516 3296 Η.
596 3239 692 3310 νότος]
704 3242 836 3296 Leonicus
848 3243 955 3312 caligne
966 3242 1072 3295 videtur
1084 3242 1180 3310 legisse
1191 3237 1300 3301 σκότος.
1317 3239 1356 3290 Η.

228 3352 232 3356 -
330 3315 365 3364 10
379 3308 477 3366 όϊατόν
493 3313 530 3380 Η,
548 3309 626 3365 loson
643 3312 758 3365 codices.
829 3310 863 3366 14
879 3312 995 3364 sonasse
1011 3311 1149 3381 legendum
1166 3305 1301 3378 σφοδρός.
1317 3307 1355 3360 Η.

328 3377 980 3451 Ξθκαίβρ.]μετ“ἀβρ.Η,ο1οοορ.3602.

260 3516 373 3569 vespere
389 3499 477 3569 aquila
492 3499 598 3569 occidit,
619 3505 708 3553 suntor
724 3497 783 3552 ssot.
902 3500 928 3553 7.
948 3514 990 3552 vrr
1007 3497 1048 3550 Id.
1066 3515 1096 3552 se
1115 3496 1212 3552 tentrio
1226 3502 1254 3550 et
1268 3492 1355 3564 aquilo

261 3568 312 3620 sibi
328 3572 529 3637 respondentes.
555 3601 560 3610 ι
597 3569 624 3622 8.
643 3585 674 3621 vr
691 3569 733 3621 Id.
753 3568 845 3622 donnus
858 3567 966 3632 Murtis;
985 3576 1073 3620 auster
1086 3569 1161 3621 srnrul
1179 3575 1206 3621 et
1218 3565 1355 3618 favonius:

261 3637 429 3705 capricornus
446 3638 568 3692 occidere
585 3636 689 3706 incipit.
723 3635 801 3690 simul
823 3637 876 3691 erit
895 3636 1003 3708 pluvis,
1027 3643 1054 3688 et
1066 3653 1178 3706 vespero
1192 3643 1282 3690 auster
1298 3633 1355 3684 ire-

262 3720 354 3773 quens.
452 3711 479 3761 9.
498 3725 514 3759 ν
532 3707 573 3761 Id.
589 3716 678 3760 auster
696 3713 724 3760 et
742 3706 837 3759 imber.
937 3708 978 3759 10.
998 3706 1086 3758 1v1d.
1104 3707 1184 3759 iterus
1201 3705 1249 3759 sed
1266 3711 1356 3754 auster

260 3772 313 3823 erit
323 3775 512 3829 vehementior.
566 3777 710 3829 11.1111u.
725 3774 871 3844 septentrio
886 3792 943 3828 curn
966 3773 1046 3826 ›luviu
1062 3783 1089 3828 et
1102 3777 1174 3827 nive.
1228 3772 1269 3823 12.
1284 3770 1354 3840 prid.

261 3841 302 3892 Id.
321 3851 409 3895 auster
427 3847 484 3898 fist.
562 3846 605 3899 13.
622 3845 714 3898 Idibus
728 3845 786 3896 Iun.
802 3843 874 3896 sidus
894 3859 957 3894 occu
968 3851 1047 3898 tatur.
1084 3842 1210 3896 credibile
1230 3849 1271 3891 est
1287 3857 1352 3908 quo-

262 3924 315 3978 que
332 3911 453 3976 sagittam
471 3914 590 3967 oecidere
608 3923 635 3967 et
647 3922 727 3966 noctu
743 3912 856 3995 pluvium
874 3912 942 3964 fieri.
1022 3912 1063 3966 14.
1082 3929 1131 3964 xrx
1151 3909 1281 3962 Kalendas
1299 3911 1354 3962 ue-

160 4037 163 4042 ,
260 3977 382 4030 bruerias
400 3981 471 4032 sidus
489 3983 641 4051 occultatur,
659 3991 687 4035 et
699 3997 775 4034 vorsu
788 3982 953 4034 commutatio
967 3980 1096 4053 aquilonis
1110 3978 1186 4032 simui
1203 3986 1231 4030 ct
1247 3987 1353 4048 septen-

262 4045 367 4100 trionis.
403 4046 444 4099 leo
462 4051 581 4104 occidere
598 4051 706 4122 incipit:
723 4050 830 4103 interim
848 4049 923 4120 pluit.
1017 4052 1059 4104 15.
1077 4065 1150 4100 xvrrr
1168 4047 1228 4100 Ksi.
1246 4055 1353 4117 septen-

261 4115 314 4169 trio
332 4123 361 4168 et
377 4115 464 4199 aquilo
481 4120 631 4174 vehemens.
737 4121 781 4174 16.
806 4135 866 4172 τηε
883 4120 944 4174 Καὶ.
961 4119 1001 4172 sol
1019 4120 1048 4171 in
1065 4115 1184 4198 aquario.
1219 4115 1354 4169 vulturnus

261 4201 320 4238 cum
334 4183 436 4267 pluvru.
517 4189 559 4262 17.
578 4205 627 4241 rvr
643 4188 703 4243 Knl.
720 4188 778 4257 lyra
798 4188 919 4272 occidere
935 4189 1038 4269 incipit.
1067 4193 1200 4266 ‘matutino
1217 4193 1353 4239 ventorum

261 4253 1353 4398 &drittunffintdddtssit&titudditt.²¹¹⁵“1¹9?‘.⁸.t⁹it¹1t

263 4393 411 4464 conversio,
429 4391 555 4448 ethicus
570 4394 707 4465 bipertito.
804 4399 849 4452 20.
866 4411 919 4450 xru
937 4393 996 4448 nu.
1015 4391 1102 4462 aquilo
1118 4401 1145 4445 et
1158 4402 1257 4448 auster.
1292 4409 1354 4463 pars
