<?xml version="1.0" encoding="UTF-8"?>
<!DOCTYPE html PUBLIC "-//W3C//DTD XHTML 1.0 Transitional//EN"
    "http://www.w3.org/TR/xhtml1/DTD/xhtml1-transitional.dtd">
<html xmlns="http://www.w3.org/1999/xhtml" xml:lang="en" lang="en">
 <head>
  <title>
</title>
<meta http-equiv="Content-Type" content="text/html;charset=utf-8" />
  <meta name='ocr-system' content='tesseract 3.04.00' />
  <meta name='ocr-capabilities' content='ocr_page ocr_carea ocr_par ocr_line ocrx_word'/>
</head>
<body>
  <div class='ocr_page' id='page_1' title='image "./corpusscriptoru25theogoog/corpusscriptoru25theogoog_0474.png"; bbox 0 0 3125 4959; ppageno 0'>
   <div class='ocr_carea' id='block_1_1' title="bbox 282 419 1092 492">
    <p class='ocr_par' dir='ltr' id='par_1_1' title="bbox 282 419 1092 492">
     <span class='ocr_line' id='line_1_1' title="bbox 282 419 1092 492; baseline 0 0"><span class='ocrx_word' id='word_1_1' title='bbox 282 419 357 492; x_wconf 88' lang='grc'>396</span> <span class='ocrx_word' id='word_1_2' title='bbox 557 419 668 489; x_wconf 80' lang='lat' dir='ltr'>nasu</span> <span class='ocrx_word' id='word_1_3' title='bbox 695 421 1092 492; x_wconf 77' lang='lat' dir='ltr'><strong>ANIMADVERSIONES</strong></span> 
     </span>
    </p>
   </div>
   <div class='ocr_carea' id='block_1_2' title="bbox 191 584 1370 3972">
    <p class='ocr_par' dir='ltr' id='par_1_2' title="bbox 275 584 1370 2106">
     <span class='ocr_line' id='line_1_2' title="bbox 281 584 1370 671; baseline 0.006 -27"><span class='ocrx_word' id='word_1_4' title='bbox 281 584 362 666; x_wconf 83' lang='lat' dir='ltr'>quod</span> <span class='ocrx_word' id='word_1_5' title='bbox 375 605 434 644; x_wconf 89' lang='lat' dir='ltr'>non</span> <span class='ocrx_word' id='word_1_6' title='bbox 449 584 547 646; x_wconf 87' lang='lat' dir='ltr'>minus</span> <span class='ocrx_word' id='word_1_7' title='bbox 562 588 685 663; x_wconf 83' lang='lat' dir='ltr'>mirera,</span> <span class='ocrx_word' id='word_1_8' title='bbox 704 589 737 646; x_wconf 89' lang='lat' dir='ltr'>in</span> <span class='ocrx_word' id='word_1_9' title='bbox 751 590 853 648; x_wconf 84' lang='lat' dir='ltr'>linetii</span> <span class='ocrx_word' id='word_1_10' title='bbox 868 591 1030 650; x_wconf 73' lang='lat' dir='ltr'><strong>censuram</strong></span> <span class='ocrx_word' id='word_1_11' title='bbox 1043 587 1251 671; x_wconf 70' lang='lat' dir='ltr'>philosophiae</span> <span class='ocrx_word' id='word_1_12' title='bbox 1266 591 1370 651; x_wconf 74' lang='lat' dir='ltr'>carte-</span> 
     </span>
     <span class='ocr_line' id='line_1_3' title="bbox 280 673 1368 754; baseline 0.005 -23"><span class='ocrx_word' id='word_1_13' title='bbox 280 677 397 746; x_wconf 86' lang='lat' dir='ltr'>sianae,</span> <span class='ocrx_word' id='word_1_14' title='bbox 419 687 480 731; x_wconf 85' lang='lat' dir='ltr'>non</span> <span class='ocrx_word' id='word_1_15' title='bbox 502 685 603 732; x_wconf 88' lang='lat' dir='ltr'>ornate</span> <span class='ocrx_word' id='word_1_16' title='bbox 625 673 715 732; x_wconf 90' lang='lat' dir='ltr'>modo</span> <span class='ocrx_word' id='word_1_17' title='bbox 737 685 826 754; x_wconf 87' lang='lat' dir='ltr'>atque</span> <span class='ocrx_word' id='word_1_18' title='bbox 847 678 1015 735; x_wconf 88' lang='lat' dir='ltr'>illuminate</span> <span class='ocrx_word' id='word_1_19' title='bbox 1033 676 1086 736; x_wconf 89' lang='lat' dir='ltr'>sed</span> <span class='ocrx_word' id='word_1_20' title='bbox 1102 680 1191 736; x_wconf 87' lang='lat' dir='ltr'>etiam</span> <span class='ocrx_word' id='word_1_21' title='bbox 1205 697 1278 754; x_wconf 75' lang='lat' dir='ltr'>pure</span> <span class='ocrx_word' id='word_1_22' title='bbox 1295 681 1368 736; x_wconf 86' lang='lat' dir='ltr'>scri-</span> 
     </span>
     <span class='ocr_line' id='line_1_4' title="bbox 280 760 1368 840; baseline 0.008 -26"><span class='ocrx_word' id='word_1_23' title='bbox 280 768 374 836; x_wconf 87' lang='lat' dir='ltr'>ptam,</span> <span class='ocrx_word' id='word_1_24' title='bbox 396 760 498 838; x_wconf 85' lang='lat' dir='ltr'>inqua</span> <span class='ocrx_word' id='word_1_25' title='bbox 512 761 628 838; x_wconf 81' lang='lat' dir='ltr'>repperi</span> <span class='ocrx_word' id='word_1_26' title='bbox 641 764 792 819; x_wconf 84' lang='lat' dir='ltr'>Antecess.</span> <span class='ocrx_word' id='word_1_27' title='bbox 806 765 826 825; x_wconf 92' lang='grc'>7</span> <span class='ocrx_word' id='word_1_28' title='bbox 840 764 867 818; x_wconf 87' lang='grc' dir='ltr'><strong>Α</strong></span> <span class='ocrx_word' id='word_1_29' title='bbox 881 761 1037 821; x_wconf 80' lang='lat' dir='ltr'>ed.Ps1·is.</span> <span class='ocrx_word' id='word_1_30' title='bbox 1055 763 1144 836; x_wconf 77' lang='grc'>1691,</span> <span class='ocrx_word' id='word_1_31' title='bbox 1156 763 1255 831; x_wconf 71' lang='lat' dir='ltr'>ist-8⁰,</span> <span class='ocrx_word' id='word_1_32' title='bbox 1277 764 1368 840; x_wconf 84' lang='lat' dir='ltr'>inque</span> 
     </span>
     <span class='ocr_line' id='line_1_5' title="bbox 280 840 1367 920; baseline 0.003 -21"><span class='ocrx_word' id='word_1_33' title='bbox 280 845 378 920; x_wconf 88' lang='lat' dir='ltr'>operis</span> <span class='ocrx_word' id='word_1_34' title='bbox 401 840 526 901; x_wconf 88' lang='lat' dir='ltr'>decursu</span> <span class='ocrx_word' id='word_1_35' title='bbox 552 847 609 907; x_wconf 93' lang='grc'>109</span> <span class='ocrx_word' id='word_1_36' title='bbox 624 847 666 918; x_wconf 87' lang='grc' dir='ltr'>Β,</span> <span class='ocrx_word' id='word_1_37' title='bbox 690 846 749 906; x_wconf 93' lang='grc'>110</span> <span class='ocrx_word' id='word_1_38' title='bbox 766 848 809 919; x_wconf 87' lang='grc' dir='ltr'>Α,</span> <span class='ocrx_word' id='word_1_39' title='bbox 836 850 895 909; x_wconf 82' lang='grc'>129</span> <span class='ocrx_word' id='word_1_40' title='bbox 910 848 950 920; x_wconf 82' lang='grc'>0,</span> <span class='ocrx_word' id='word_1_41' title='bbox 975 849 1035 909; x_wconf 82' lang='grc'>170</span> <span class='ocrx_word' id='word_1_42' title='bbox 1049 850 1085 904; x_wconf 88' lang='grc' dir='ltr'>Α.</span> <span class='ocrx_word' id='word_1_43' title='bbox 1129 856 1158 905; x_wconf 86' lang='lat' dir='ltr'>at</span> <span class='ocrx_word' id='word_1_44' title='bbox 1182 847 1287 903; x_wconf 88' lang='lat' dir='ltr'>Latine</span> <span class='ocrx_word' id='word_1_45' title='bbox 1309 846 1367 902; x_wconf 85' lang='lat' dir='ltr'>dici</span> 
     </span>
     <span class='ocr_line' id='line_1_6' title="bbox 279 925 1368 1009; baseline 0.001 -24"><span class='ocrx_word' id='word_1_46' title='bbox 279 930 344 985; x_wconf 81' lang='lat' dir='ltr'>sive</span> <span class='ocrx_word' id='word_1_47' title='bbox 365 927 379 1006; x_wconf 93' lang='lat'>(</span> <span class='ocrx_word' id='word_1_48' title='bbox 387 925 466 1006; x_wconf 91' lang='lat' dir='ltr'>quod</span> <span class='ocrx_word' id='word_1_49' title='bbox 482 925 573 986; x_wconf 87' lang='lat' dir='ltr'>habet</span> <span class='ocrx_word' id='word_1_50' title='bbox 588 931 710 987; x_wconf 89' lang='lat' dir='ltr'>Bursius</span> <span class='ocrx_word' id='word_1_51' title='bbox 723 931 849 987; x_wconf 86' lang='lat' dir='ltr'>Dialect.</span> <span class='ocrx_word' id='word_1_52' title='bbox 868 933 930 993; x_wconf 90' lang='grc'>310</span> <span class='ocrx_word' id='word_1_53' title='bbox 945 930 994 1009; x_wconf 84' lang='grc' dir='ltr'>Α)</span> <span class='ocrx_word' id='word_1_54' title='bbox 1016 951 1129 988; x_wconf 83' lang='lat' dir='ltr'>sumere</span> <span class='ocrx_word' id='word_1_55' title='bbox 1149 931 1230 1009; x_wconf 83' lang='lat' dir='ltr'>quod</span> <span class='ocrx_word' id='word_1_56' title='bbox 1247 931 1368 988; x_wconf 76' lang='lat' dir='ltr'>densara-</span> 
     </span>
     <span class='ocr_line' id='line_1_7' title="bbox 278 1010 1370 1094; baseline 0.002 -25"><span class='ocrx_word' id='word_1_57' title='bbox 278 1013 371 1069; x_wconf 73' lang='lat' dir='ltr'>strati</span> <span class='ocrx_word' id='word_1_58' title='bbox 388 1010 484 1082; x_wconf 78' lang='lat' dir='ltr'>debet,</span> <span class='ocrx_word' id='word_1_59' title='bbox 512 1015 575 1072; x_wconf 81' lang='lat' dir='ltr'>sira</span> <span class='ocrx_word' id='word_1_60' title='bbox 589 1034 700 1092; x_wconf 80' lang='lat' dir='ltr'>ponere</span> <span class='ocrx_word' id='word_1_61' title='bbox 727 1013 774 1091; x_wconf 89' lang='lat' dir='ltr'>(si</span> <span class='ocrx_word' id='word_1_62' title='bbox 795 1017 908 1089; x_wconf 84' lang='lat' dir='ltr'>mavis,</span> <span class='ocrx_word' id='word_1_63' title='bbox 937 1015 1013 1074; x_wconf 86' lang='lat' dir='ltr'>adde</span> <span class='ocrx_word' id='word_1_64' title='bbox 1028 1037 1087 1094; x_wconf 82' lang='lat' dir='ltr'>pro</span> <span class='ocrx_word' id='word_1_65' title='bbox 1110 1017 1263 1092; x_wconf 65' lang='lat' dir='ltr'>constasse)</span> <span class='ocrx_word' id='word_1_66' title='bbox 1290 1014 1370 1093; x_wconf 81' lang='lat' dir='ltr'>quod</span> 
     </span>
     <span class='ocr_line' id='line_1_8' title="bbox 278 1097 1368 1180; baseline 0.004 -28"><span class='ocrx_word' id='word_1_67' title='bbox 278 1098 445 1175; x_wconf 77' lang='lat' dir='ltr'>qruseritur,</span> <span class='ocrx_word' id='word_1_68' title='bbox 466 1100 533 1177; x_wconf 86' lang='lat' dir='ltr'>quis</span> <span class='ocrx_word' id='word_1_69' title='bbox 551 1108 595 1156; x_wconf 88' lang='lat' dir='ltr'>est</span> <span class='ocrx_word' id='word_1_70' title='bbox 613 1102 743 1178; x_wconf 90' lang='lat' dir='ltr'>quinon</span> <span class='ocrx_word' id='word_1_71' title='bbox 760 1098 882 1158; x_wconf 76' lang='lat' dir='ltr'>videnti</span> <span class='ocrx_word' id='word_1_72' title='bbox 903 1120 974 1158; x_wconf 90' lang='lat' dir='ltr'>uam</span> <span class='ocrx_word' id='word_1_73' title='bbox 994 1102 1084 1180; x_wconf 88' lang='lat' dir='ltr'>paulo</span> <span class='ocrx_word' id='word_1_74' title='bbox 1101 1101 1254 1158; x_wconf 81' lang='lat' dir='ltr'>verbosius</span> <span class='ocrx_word' id='word_1_75' title='bbox 1271 1097 1368 1157; x_wconf 88' lang='lat' dir='ltr'>reddit</span> 
     </span>
     <span class='ocr_line' id='line_1_9' title="bbox 277 1180 1367 1264; baseline 0 -24"><span class='ocrx_word' id='word_1_76' title='bbox 277 1191 380 1240; x_wconf 74' lang='lat' dir='ltr'>auctor</span> <span class='ocrx_word' id='word_1_77' title='bbox 401 1180 442 1238; x_wconf 84' lang='lat' dir='ltr'>ad</span> <span class='ocrx_word' id='word_1_78' title='bbox 458 1185 642 1241; x_wconf 77' lang='lat' dir='ltr'>Herennium</span> <span class='ocrx_word' id='word_1_79' title='bbox 664 1185 718 1241; x_wconf 86' lang='lat' dir='ltr'>lib.</span> <span class='ocrx_word' id='word_1_80' title='bbox 738 1188 759 1246; x_wconf 77' lang='lat'>2</span> <span class='ocrx_word' id='word_1_81' title='bbox 781 1184 837 1258; x_wconf 83' lang='grc'>41,</span> <span class='ocrx_word' id='word_1_82' title='bbox 854 1206 912 1261; x_wconf 85' lang='lat' dir='ltr'>pro</span> <span class='ocrx_word' id='word_1_83' title='bbox 927 1196 1101 1264; x_wconf 76' lang='lat' dir='ltr'>argumento</span> <span class='ocrx_word' id='word_1_84' title='bbox 1113 1205 1227 1243; x_wconf 82' lang='lat' dir='ltr'>sumere</span> <span class='ocrx_word' id='word_1_85' title='bbox 1242 1185 1323 1263; x_wconf 79' lang='lat' dir='ltr'>quod</span> <span class='ocrx_word' id='word_1_86' title='bbox 1335 1186 1367 1240; x_wconf 84' lang='lat' dir='ltr'>in</span> 
     </span>
     <span class='ocr_line' id='line_1_10' title="bbox 277 1260 1366 1348; baseline 0.003 -24"><span class='ocrx_word' id='word_1_87' title='bbox 277 1260 480 1344; x_wconf 71' lang='lat' dir='ltr'>disquisitione</span> <span class='ocrx_word' id='word_1_88' title='bbox 491 1270 624 1344; x_wconf 82' lang='lat' dir='ltr'>positum</span> <span class='ocrx_word' id='word_1_89' title='bbox 642 1279 702 1327; x_wconf 86' lang='lat' dir='ltr'>est:</span> <span class='ocrx_word' id='word_1_90' title='bbox 732 1269 770 1327; x_wconf 90' lang='lat' dir='ltr'>cf.</span> <span class='ocrx_word' id='word_1_91' title='bbox 788 1288 906 1348; x_wconf 91' lang='lat' dir='ltr'>quoque</span> <span class='ocrx_word' id='word_1_92' title='bbox 922 1274 959 1329; x_wconf 85' lang='lat' dir='ltr'>A.</span> <span class='ocrx_word' id='word_1_93' title='bbox 975 1272 1107 1329; x_wconf 86' lang='lat' dir='ltr'>Gellium</span> <span class='ocrx_word' id='word_1_94' title='bbox 1124 1274 1163 1333; x_wconf 86' lang='lat'>16</span> <span class='ocrx_word' id='word_1_95' title='bbox 1183 1273 1213 1330; x_wconf 82' lang='lat'>8.</span> <span class='ocrx_word' id='word_1_96' title='bbox 1257 1267 1310 1326; x_wconf 86' lang='lat' dir='ltr'>sed</span> <span class='ocrx_word' id='word_1_97' title='bbox 1329 1267 1366 1327; x_wconf 86' lang='lat' dir='ltr'>de</span> 
     </span>
     <span class='ocr_line' id='line_1_11' title="bbox 277 1350 1367 1433; baseline 0.001 -24"><span class='ocrx_word' id='word_1_98' title='bbox 277 1370 351 1409; x_wconf 76' lang='lat' dir='ltr'>voce</span> <span class='ocrx_word' id='word_1_99' title='bbox 363 1371 399 1408; x_wconf 83' lang='lat' dir='ltr'>ea</span> <span class='ocrx_word' id='word_1_100' title='bbox 411 1353 634 1433; x_wconf 88' lang='lat' dir='ltr'>similibusque,</span> <span class='ocrx_word' id='word_1_101' title='bbox 656 1363 686 1410; x_wconf 90' lang='lat' dir='ltr'>et</span> <span class='ocrx_word' id='word_1_102' title='bbox 699 1351 953 1431; x_wconf 77' lang='lat' dir='ltr'>quemadmodum</span> <span class='ocrx_word' id='word_1_103' title='bbox 966 1377 982 1413; x_wconf 86' lang='lat' dir='ltr'>e</span> <span class='ocrx_word' id='word_1_104' title='bbox 995 1357 1182 1414; x_wconf 87' lang='lat' dir='ltr'>subtiliorum</span> <span class='ocrx_word' id='word_1_105' title='bbox 1195 1350 1367 1411; x_wconf 87' lang='lat' dir='ltr'>huiusmodi</span> 
     </span>
     <span class='ocr_line' id='line_1_12' title="bbox 278 1433 1367 1518; baseline 0.003 -26"><span class='ocrx_word' id='word_1_106' title='bbox 278 1433 503 1514; x_wconf 85' lang='lat' dir='ltr'>disciplinarum</span> <span class='ocrx_word' id='word_1_107' title='bbox 515 1437 752 1495; x_wconf 78' lang='lat' dir='ltr'>nomenclatione</span> <span class='ocrx_word' id='word_1_108' title='bbox 767 1439 913 1495; x_wconf 86' lang='lat' dir='ltr'>barbariei</span> <span class='ocrx_word' id='word_1_109' title='bbox 928 1441 1070 1518; x_wconf 79' lang='lat' dir='ltr'>reliquiae</span> <span class='ocrx_word' id='word_1_110' title='bbox 1087 1441 1157 1512; x_wconf 90' lang='lat' dir='ltr'>tolli</span> <span class='ocrx_word' id='word_1_111' title='bbox 1168 1441 1231 1496; x_wconf 87' lang='lat' dir='ltr'>siue</span> <span class='ocrx_word' id='word_1_112' title='bbox 1247 1441 1367 1517; x_wconf 85' lang='lat' dir='ltr'>negotio</span> 
     </span>
     <span class='ocr_line' id='line_1_13' title="bbox 277 1521 1365 1600; baseline 0.002 -24"><span class='ocrx_word' id='word_1_113' title='bbox 277 1521 409 1598; x_wconf 75' lang='lat' dir='ltr'>possint,</span> <span class='ocrx_word' id='word_1_114' title='bbox 435 1521 570 1598; x_wconf 85' lang='lat' dir='ltr'>pluribus</span> <span class='ocrx_word' id='word_1_115' title='bbox 599 1540 703 1600; x_wconf 82' lang='lat' dir='ltr'>agam,</span> <span class='ocrx_word' id='word_1_116' title='bbox 729 1523 756 1580; x_wconf 86' lang='lat' dir='ltr'>si</span> <span class='ocrx_word' id='word_1_117' title='bbox 777 1543 878 1580; x_wconf 85' lang='lat' dir='ltr'>rerum</span> <span class='ocrx_word' id='word_1_118' title='bbox 896 1543 1031 1582; x_wconf 86' lang='lat' dir='ltr'>mearum</span> <span class='ocrx_word' id='word_1_119' title='bbox 1050 1535 1143 1582; x_wconf 89' lang='lat' dir='ltr'>status</span> <span class='ocrx_word' id='word_1_120' title='bbox 1165 1524 1306 1597; x_wconf 83' lang='lat' dir='ltr'>voluerit,</span> <span class='ocrx_word' id='word_1_121' title='bbox 1335 1525 1365 1578; x_wconf 90' lang='lat' dir='ltr'>in</span> 
     </span>
     <span class='ocr_line' id='line_1_14' title="bbox 277 1604 1366 1689; baseline 0.004 -29"><span class='ocrx_word' id='word_1_122' title='bbox 277 1605 422 1681; x_wconf 82' lang='lat' dir='ltr'>glossario</span> <span class='ocrx_word' id='word_1_123' title='bbox 436 1607 589 1683; x_wconf 88' lang='lat' dir='ltr'>peculiari,</span> <span class='ocrx_word' id='word_1_124' title='bbox 611 1604 839 1665; x_wconf 86' lang='lat' dir='ltr'>consuetudines</span> <span class='ocrx_word' id='word_1_125' title='bbox 854 1605 1045 1689; x_wconf 88' lang='lat' dir='ltr'>technicaque</span> <span class='ocrx_word' id='word_1_126' title='bbox 1061 1609 1205 1666; x_wconf 82' lang='lat' dir='ltr'>vocabula</span> <span class='ocrx_word' id='word_1_127' title='bbox 1219 1627 1288 1665; x_wconf 89' lang='lat' dir='ltr'>cum</span> <span class='ocrx_word' id='word_1_128' title='bbox 1300 1605 1366 1664; x_wconf 89' lang='lat' dir='ltr'>dia-</span> 
     </span>
     <span class='ocr_line' id='line_1_15' title="bbox 276 1688 1367 1768; baseline 0 -20"><span class='ocrx_word' id='word_1_129' title='bbox 276 1689 450 1748; x_wconf 87' lang='lat' dir='ltr'>lecticorum</span> <span class='ocrx_word' id='word_1_130' title='bbox 471 1702 536 1748; x_wconf 90' lang='lat' dir='ltr'>tum</span> <span class='ocrx_word' id='word_1_131' title='bbox 555 1688 780 1749; x_wconf 87' lang='lat' dir='ltr'>scholiastarum</span> <span class='ocrx_word' id='word_1_132' title='bbox 798 1693 978 1750; x_wconf 84' lang='lat' dir='ltr'>Graecorum</span> <span class='ocrx_word' id='word_1_133' title='bbox 994 1697 1129 1751; x_wconf 88' lang='lat' dir='ltr'>omnium</span> <span class='ocrx_word' id='word_1_134' title='bbox 1141 1694 1295 1768; x_wconf 79' lang='lat' dir='ltr'>sigillatim</span> <span class='ocrx_word' id='word_1_135' title='bbox 1310 1711 1367 1748; x_wconf 85' lang='lat' dir='ltr'>ex-</span> 
     </span>
     <span class='ocr_line' id='line_1_16' title="bbox 275 1771 1365 1854; baseline 0.002 -24"><span class='ocrx_word' id='word_1_136' title='bbox 275 1775 417 1854; x_wconf 86' lang='lat' dir='ltr'>plicante.</span> <span class='ocrx_word' id='word_1_137' title='bbox 459 1795 540 1833; x_wconf 88' lang='lat' dir='ltr'>nunc</span> <span class='ocrx_word' id='word_1_138' title='bbox 553 1775 708 1832; x_wconf 78' lang='lat' dir='ltr'>redeamus</span> <span class='ocrx_word' id='word_1_139' title='bbox 722 1771 760 1830; x_wconf 87' lang='lat' dir='ltr'>ad</span> <span class='ocrx_word' id='word_1_140' title='bbox 773 1773 903 1850; x_wconf 88' lang='lat' dir='ltr'>Lydum,</span> <span class='ocrx_word' id='word_1_141' title='bbox 926 1775 1082 1832; x_wconf 90' lang='lat' dir='ltr'>emendato</span> <span class='ocrx_word' id='word_1_142' title='bbox 1094 1787 1194 1831; x_wconf 88' lang='lat' dir='ltr'>tarneu</span> <span class='ocrx_word' id='word_1_143' title='bbox 1206 1779 1287 1852; x_wconf 89' lang='lat' dir='ltr'>prius</span> <span class='ocrx_word' id='word_1_144' title='bbox 1302 1777 1365 1832; x_wconf 91' lang='lat' dir='ltr'>loco</span> 
     </span>
     <span class='ocr_line' id='line_1_17' title="bbox 275 1853 1367 1938; baseline 0.003 -22"><span class='ocrx_word' id='word_1_145' title='bbox 275 1861 377 1916; x_wconf 83' lang='lat' dir='ltr'>Actor.</span> <span class='ocrx_word' id='word_1_146' title='bbox 400 1861 516 1917; x_wconf 90' lang='lat' dir='ltr'>concilii</span> <span class='ocrx_word' id='word_1_147' title='bbox 537 1859 746 1915; x_wconf 80' lang='lat' dir='ltr'>bateranensis</span> <span class='ocrx_word' id='word_1_148' title='bbox 762 1860 782 1919; x_wconf 82' lang='lat'><strong>3</strong></span> <span class='ocrx_word' id='word_1_149' title='bbox 804 1861 923 1921; x_wconf 61' lang='lat'>870112:</span> <span class='ocrx_word' id='word_1_150' title='bbox 945 1854 1013 1921; x_wconf 76' lang='grc' dir='ltr'>οὔτε</span> <span class='ocrx_word' id='word_1_151' title='bbox 1026 1856 1088 1936; x_wconf 70' lang='grc' dir='ltr'>μήν</span> <span class='ocrx_word' id='word_1_152' title='bbox 1102 1853 1191 1937; x_wconf 75' lang='grc' dir='ltr'><strong>ἆρχαὶ</strong></span> <span class='ocrx_word' id='word_1_153' title='bbox 1204 1858 1255 1919; x_wconf 79' lang='grc' dir='ltr'>καὶ</span> <span class='ocrx_word' id='word_1_154' title='bbox 1269 1855 1367 1938; x_wconf 69' lang='grc' dir='ltr'><strong><em>ἄκρα·</em></strong></span> 
     </span>
     <span class='ocr_line' id='line_1_18' title="bbox 275 1934 1367 2024; baseline -0.002 -20"><span class='ocrx_word' id='word_1_155' title='bbox 275 1964 342 2004; x_wconf 74' lang='grc' dir='ltr'>κτοι</span> <span class='ocrx_word' id='word_1_156' title='bbox 408 1943 443 2004; x_wconf 74' lang='grc' dir='ltr'>αἱ</span> <span class='ocrx_word' id='word_1_157' title='bbox 458 1948 543 2003; x_wconf 76' lang='grc' dir='ltr'><em>θεῖοι</em></span> <span class='ocrx_word' id='word_1_158' title='bbox 563 1935 699 2019; x_wconf 73' lang='grc' dir='ltr'>νοήσεις,</span> <span class='ocrx_word' id='word_1_159' title='bbox 719 1942 773 2000; x_wconf 89' lang='lat' dir='ltr'>ubi</span> <span class='ocrx_word' id='word_1_160' title='bbox 795 1934 885 2023; x_wconf 79' lang='grc' dir='ltr'><em>ἆργαῑ</em></span> <span class='ocrx_word' id='word_1_161' title='bbox 904 1943 957 2006; x_wconf 74' lang='grc' dir='ltr'>κοί</span> <span class='ocrx_word' id='word_1_162' title='bbox 976 1942 1138 2022; x_wconf 84' lang='lat' dir='ltr'>legendum</span> <span class='ocrx_word' id='word_1_163' title='bbox 1158 1962 1222 2002; x_wconf 88' lang='lat' dir='ltr'>essa</span> <span class='ocrx_word' id='word_1_164' title='bbox 1238 1962 1367 2024; x_wconf 88' lang='lat' dir='ltr'>sequens</span> 
     </span>
     <span class='ocr_line' id='line_1_19' title="bbox 275 2025 669 2106; baseline -0.003 -22"><span class='ocrx_word' id='word_1_165' title='bbox 275 2025 456 2085; x_wconf 80' lang='lat' dir='ltr'>adiectivum</span> <span class='ocrx_word' id='word_1_166' title='bbox 469 2027 548 2084; x_wconf 86' lang='lat' dir='ltr'>clare</span> <span class='ocrx_word' id='word_1_167' title='bbox 560 2029 669 2106; x_wconf 84' lang='lat' dir='ltr'>arguit.</span> 
     </span>
    </p>

    <p class='ocr_par' dir='ltr' id='par_1_3' title="bbox 260 2109 1366 2615">
     <span class='ocr_line' id='line_1_20' title="bbox 260 2109 1366 2191; baseline -0.005 -16"><span class='ocrx_word' id='word_1_168' title='bbox 260 2141 264 2149; x_wconf 68' lang='grc'><strong>’</strong></span> <span class='ocrx_word' id='word_1_169' title='bbox 360 2131 392 2191; x_wconf 79' lang='lat' dir='ltr'>p-</span> <span class='ocrx_word' id='word_1_170' title='bbox 402 2115 463 2175; x_wconf 92' lang='grc'>300</span> <span class='ocrx_word' id='word_1_171' title='bbox 475 2132 505 2169; x_wconf 81' lang='lat' dir='ltr'>v.</span> <span class='ocrx_word' id='word_1_172' title='bbox 513 2115 566 2175; x_wconf 81' lang='lat'>20.</span> <span class='ocrx_word' id='word_1_173' title='bbox 605 2113 758 2191; x_wconf 75' lang='grc' dir='ltr'><em>προσεχοῖς</em></span> <span class='ocrx_word' id='word_1_174' title='bbox 768 2112 844 2169; x_wconf 82' lang='lat' dir='ltr'>verti</span> <span class='ocrx_word' id='word_1_175' title='bbox 857 2114 1008 2182; x_wconf 77' lang='lat' dir='ltr'>continuo,</span> <span class='ocrx_word' id='word_1_176' title='bbox 1023 2109 1055 2169; x_wconf 90' lang='lat' dir='ltr'>id</span> <span class='ocrx_word' id='word_1_177' title='bbox 1068 2119 1112 2170; x_wconf 84' lang='lat' dir='ltr'>est</span> <span class='ocrx_word' id='word_1_178' title='bbox 1126 2113 1366 2183; x_wconf 69' lang='lat' dir='ltr'>continuantia,</span> 
     </span>
     <span class='ocr_line' id='line_1_21' title="bbox 275 2195 1365 2256; baseline -0.001 -1"><span class='ocrx_word' id='word_1_179' title='bbox 275 2199 360 2256; x_wconf 88' lang='lat' dir='ltr'>nisus</span> <span class='ocrx_word' id='word_1_180' title='bbox 381 2199 553 2254; x_wconf 90' lang='lat' dir='ltr'>auctoritate</span> <span class='ocrx_word' id='word_1_181' title='bbox 575 2197 788 2255; x_wconf 86' lang='lat' dir='ltr'>nonnullorum</span> <span class='ocrx_word' id='word_1_182' title='bbox 806 2195 940 2255; x_wconf 84' lang='lat' dir='ltr'>eiusdem</span> <span class='ocrx_word' id='word_1_183' title='bbox 953 2198 1016 2255; x_wconf 85' lang='lat' dir='ltr'>fere</span> <span class='ocrx_word' id='word_1_184' title='bbox 1031 2198 1149 2254; x_wconf 89' lang='lat' dir='ltr'>aetatis:</span> <span class='ocrx_word' id='word_1_185' title='bbox 1170 2216 1250 2254; x_wconf 88' lang='lat' dir='ltr'>nunc</span> <span class='ocrx_word' id='word_1_186' title='bbox 1264 2208 1365 2254; x_wconf 88' lang='lat' dir='ltr'>tamen</span> 
     </span>
     <span class='ocr_line' id='line_1_22' title="bbox 276 2276 1365 2361; baseline 0.001 -22"><span class='ocrx_word' id='word_1_187' title='bbox 276 2283 383 2339; x_wconf 88' lang='lat' dir='ltr'>malim</span> <span class='ocrx_word' id='word_1_188' title='bbox 405 2301 454 2338; x_wconf 82' lang='lat' dir='ltr'>nte</span> <span class='ocrx_word' id='word_1_189' title='bbox 478 2283 629 2360; x_wconf 79' lang='lat' dir='ltr'>scripsisse</span> <span class='ocrx_word' id='word_1_190' title='bbox 650 2282 832 2352; x_wconf 77' lang='lat' dir='ltr'>immediate,</span> <span class='ocrx_word' id='word_1_191' title='bbox 854 2292 905 2339; x_wconf 88' lang='lat' dir='ltr'>aut</span> <span class='ocrx_word' id='word_1_192' title='bbox 926 2282 986 2361; x_wconf 86' lang='lat' dir='ltr'>(ne</span> <span class='ocrx_word' id='word_1_193' title='bbox 1003 2283 1049 2339; x_wconf 90' lang='lat' dir='ltr'>cui</span> <span class='ocrx_word' id='word_1_194' title='bbox 1066 2280 1166 2338; x_wconf 90' lang='lat' dir='ltr'>durior</span> <span class='ocrx_word' id='word_1_195' title='bbox 1181 2276 1316 2340; x_wconf 82' lang='lat' dir='ltr'>rideatur</span> <span class='ocrx_word' id='word_1_196' title='bbox 1330 2301 1365 2339; x_wconf 88' lang='lat' dir='ltr'>ea</span> 
     </span>
     <span class='ocr_line' id='line_1_23' title="bbox 275 2363 1365 2444; baseline -0.002 -19"><span class='ocrx_word' id='word_1_197' title='bbox 275 2364 358 2444; x_wconf 81' lang='lat' dir='ltr'>vox)</span> <span class='ocrx_word' id='word_1_198' title='bbox 382 2366 467 2423; x_wconf 84' lang='lat' dir='ltr'>nullo</span> <span class='ocrx_word' id='word_1_199' title='bbox 481 2367 576 2423; x_wconf 80' lang='lat' dir='ltr'>medio</span> <span class='ocrx_word' id='word_1_200' title='bbox 589 2368 766 2444; x_wconf 80' lang='lat' dir='ltr'>interposito.</span> <span class='ocrx_word' id='word_1_201' title='bbox 792 2369 948 2426; x_wconf 87' lang='lat' dir='ltr'>Nemesius</span> <span class='ocrx_word' id='word_1_202' title='bbox 964 2365 1001 2424; x_wconf 91' lang='lat' dir='ltr'>de</span> <span class='ocrx_word' id='word_1_203' title='bbox 1015 2377 1120 2424; x_wconf 88' lang='lat' dir='ltr'>natura</span> <span class='ocrx_word' id='word_1_204' title='bbox 1132 2363 1262 2424; x_wconf 88' lang='lat' dir='ltr'>hominis</span> <span class='ocrx_word' id='word_1_205' title='bbox 1273 2369 1365 2431; x_wconf 77' lang='lat' dir='ltr'>css:</span> 
     </span>
     <span class='ocr_line' id='line_1_24' title="bbox 274 2445 1365 2533; baseline -0.005 -20"><span class='ocrx_word' id='word_1_206' title='bbox 274 2455 428 2530; x_wconf 80' lang='grc' dir='ltr'><em>προοεχῶς</em></span> <span class='ocrx_word' id='word_1_207' title='bbox 449 2448 482 2512; x_wconf 78' lang='grc' dir='ltr'>δὲ</span> <span class='ocrx_word' id='word_1_208' title='bbox 501 2449 628 2531; x_wconf 73' lang='grc' dir='ltr'>λέγεται,</span> <span class='ocrx_word' id='word_1_209' title='bbox 651 2450 725 2512; x_wconf 80' lang='grc' dir='ltr'>ὅταν</span> <span class='ocrx_word' id='word_1_210' title='bbox 747 2445 865 2529; x_wconf 65' lang='lat' dir='ltr'>duisme</span> <span class='ocrx_word' id='word_1_211' title='bbox 934 2451 963 2513; x_wconf 81' lang='lat' dir='ltr'>ri</span> <span class='ocrx_word' id='word_1_212' title='bbox 976 2450 1104 2533; x_wconf 76' lang='grc' dir='ltr'>γένηται.</span> <span class='ocrx_word' id='word_1_213' title='bbox 1146 2447 1237 2508; x_wconf 87' lang='lat' dir='ltr'>habet</span> <span class='ocrx_word' id='word_1_214' title='bbox 1256 2471 1365 2530; x_wconf 83' lang='lat' dir='ltr'>nempe</span> 
     </span>
     <span class='ocr_line' id='line_1_25' title="bbox 273 2534 904 2615; baseline -0.002 -20"><span class='ocrx_word' id='word_1_215' title='bbox 273 2536 309 2595; x_wconf 87' lang='lat' dir='ltr'>id</span> <span class='ocrx_word' id='word_1_216' title='bbox 322 2534 495 2594; x_wconf 74' lang='lat' dir='ltr'>adverbium</span> <span class='ocrx_word' id='word_1_217' title='bbox 509 2537 737 2615; x_wconf 85' lang='lat' dir='ltr'>significationes</span> <span class='ocrx_word' id='word_1_218' title='bbox 749 2539 817 2596; x_wconf 90' lang='lat' dir='ltr'>illas</span> <span class='ocrx_word' id='word_1_219' title='bbox 832 2538 904 2594; x_wconf 86' lang='lat' dir='ltr'>fere.</span> 
     </span>
    </p>

    <p class='ocr_par' dir='ltr' id='par_1_4' title="bbox 191 2619 1370 3463">
     <span class='ocr_line' id='line_1_26' title="bbox 361 2619 1364 2698; baseline -0.007 -15"><span class='ocrx_word' id='word_1_220' title='bbox 361 2619 400 2698; x_wconf 93' lang='lat'>1)</span> <span class='ocrx_word' id='word_1_221' title='bbox 429 2632 558 2691; x_wconf 79' lang='lat' dir='ltr'>attente,</span> <span class='ocrx_word' id='word_1_222' title='bbox 579 2624 698 2678; x_wconf 80' lang='lat' dir='ltr'>intente.</span> <span class='ocrx_word' id='word_1_223' title='bbox 743 2622 897 2690; x_wconf 85' lang='lat' dir='ltr'>Palladius</span> <span class='ocrx_word' id='word_1_224' title='bbox 921 2621 1052 2680; x_wconf 77' lang='lat' dir='ltr'>Historia</span> <span class='ocrx_word' id='word_1_225' title='bbox 1073 2619 1209 2678; x_wconf 87' lang='lat' dir='ltr'>Lausiac.</span> <span class='ocrx_word' id='word_1_226' title='bbox 1232 2620 1294 2682; x_wconf 85' lang='grc'>938</span> <span class='ocrx_word' id='word_1_227' title='bbox 1319 2620 1364 2677; x_wconf 81' lang='lat' dir='ltr'>A:</span> 
     </span>
     <span class='ocr_line' id='line_1_27' title="bbox 275 2699 1367 2786; baseline -0.007 -18"><span class='ocrx_word' id='word_1_228' title='bbox 275 2706 333 2768; x_wconf 75' lang='grc' dir='ltr'>οὐκ</span> <span class='ocrx_word' id='word_1_229' title='bbox 353 2699 475 2779; x_wconf 65' lang='lat' dir='ltr'>sisoim</span> <span class='ocrx_word' id='word_1_230' title='bbox 494 2709 646 2786; x_wconf 78' lang='grc' dir='ltr'><em>προσεχοῖς</em></span> <span class='ocrx_word' id='word_1_231' title='bbox 658 2709 715 2769; x_wconf 74' lang='grc' dir='ltr'>τοῦ</span> <span class='ocrx_word' id='word_1_232' title='bbox 726 2699 966 2786; x_wconf 69' lang='grc' dir='ltr'><em>ἅναγνοίσματος.</em></span> <span class='ocrx_word' id='word_1_233' title='bbox 1008 2707 1169 2785; x_wconf 87' lang='lat' dir='ltr'>Dionysius</span> <span class='ocrx_word' id='word_1_234' title='bbox 1184 2702 1367 2762; x_wconf 86' lang='lat' dir='ltr'>Alexandri-</span> 
     </span>
     <span class='ocr_line' id='line_1_28' title="bbox 191 2781 1366 2871; baseline 0.003 -26"><span class='ocrx_word' id='word_1_235' title='bbox 191 2848 194 2855; x_wconf 30' lang='lat'>,</span> <span class='ocrx_word' id='word_1_236' title='bbox 274 2808 332 2846; x_wconf 90' lang='lat' dir='ltr'>nus</span> <span class='ocrx_word' id='word_1_237' title='bbox 348 2788 429 2867; x_wconf 91' lang='lat' dir='ltr'>apud</span> <span class='ocrx_word' id='word_1_238' title='bbox 445 2792 609 2850; x_wconf 84' lang='lat' dir='ltr'>Eusebium</span> <span class='ocrx_word' id='word_1_239' title='bbox 623 2793 700 2849; x_wconf 87' lang='lat' dir='ltr'>Hist.</span> <span class='ocrx_word' id='word_1_240' title='bbox 714 2792 820 2850; x_wconf 89' lang='lat' dir='ltr'>eccles.</span> <span class='ocrx_word' id='word_1_241' title='bbox 833 2792 896 2855; x_wconf 79' lang='lat'>275</span> <span class='ocrx_word' id='word_1_242' title='bbox 910 2792 954 2849; x_wconf 89' lang='lat' dir='ltr'>D:</span> <span class='ocrx_word' id='word_1_243' title='bbox 978 2787 995 2854; x_wconf 84' lang='lat' dir='ltr'>o‘</span> <span class='ocrx_word' id='word_1_244' title='bbox 1013 2789 1045 2853; x_wconf 78' lang='lat' dir='ltr'>di</span> <span class='ocrx_word' id='word_1_245' title='bbox 1059 2793 1213 2871; x_wconf 76' lang='grc' dir='ltr'><em>προοεχοῖς</em></span> <span class='ocrx_word' id='word_1_246' title='bbox 1226 2781 1366 2870; x_wconf 68' lang='lat' dir='ltr'>ivrand-</span> 
     </span>
     <span class='ocr_line' id='line_1_29' title="bbox 272 2876 1365 2956; baseline -0.004 -23"><span class='ocrx_word' id='word_1_247' title='bbox 272 2895 347 2933; x_wconf 82' lang='grc' dir='ltr'><strong><em>νων.</em></strong></span> <span class='ocrx_word' id='word_1_248' title='bbox 391 2877 528 2950; x_wconf 70' lang='lat' dir='ltr'>quivero</span> <span class='ocrx_word' id='word_1_249' title='bbox 542 2878 651 2934; x_wconf 75' lang='lat' dir='ltr'>attente</span> <span class='ocrx_word' id='word_1_250' title='bbox 658 2876 832 2956; x_wconf 81' lang='lat' dir='ltr'>perlegerit,</span> <span class='ocrx_word' id='word_1_251' title='bbox 853 2879 940 2934; x_wconf 85' lang='lat' dir='ltr'>vertit</span> <span class='ocrx_word' id='word_1_252' title='bbox 959 2878 1104 2934; x_wconf 85' lang='lat' dir='ltr'>Hauricus</span> <span class='ocrx_word' id='word_1_253' title='bbox 1116 2876 1261 2934; x_wconf 85' lang='lat' dir='ltr'>Valesius.</span> <span class='ocrx_word' id='word_1_254' title='bbox 1304 2882 1365 2930; x_wconf 85' lang='lat' dir='ltr'>ast-</span> 
     </span>
     <span class='ocr_line' id='line_1_30' title="bbox 273 2955 1365 3040; baseline -0.003 -26"><span class='ocrx_word' id='word_1_255' title='bbox 273 2975 334 3038; x_wconf 87' lang='lat' dir='ltr'>que</span> <span class='ocrx_word' id='word_1_256' title='bbox 356 2968 428 3026; x_wconf 89' lang='lat' dir='ltr'>tunc</span> <span class='ocrx_word' id='word_1_257' title='bbox 448 2978 649 3036; x_wconf 89' lang='lat' dir='ltr'>synonymum</span> <span class='ocrx_word' id='word_1_258' title='bbox 673 2961 805 3019; x_wconf 78' lang='lat' dir='ltr'>adverbii</span> <span class='ocrx_word' id='word_1_259' title='bbox 826 2955 1042 3040; x_wconf 78' lang='grc' dir='ltr'>προσεχόντως,</span> <span class='ocrx_word' id='word_1_260' title='bbox 1071 2959 1152 3038; x_wconf 91' lang='lat' dir='ltr'>quod</span> <span class='ocrx_word' id='word_1_261' title='bbox 1173 2979 1213 3015; x_wconf 87' lang='lat' dir='ltr'>ex</span> <span class='ocrx_word' id='word_1_262' title='bbox 1231 2961 1273 3020; x_wconf 89' lang='grc'>70</span> <span class='ocrx_word' id='word_1_263' title='bbox 1294 2956 1365 3035; x_wconf 90' lang='lat' dir='ltr'>(ubi</span> 
     </span>
     <span class='ocr_line' id='line_1_31' title="bbox 274 3038 1370 3122; baseline -0.004 -22"><span class='ocrx_word' id='word_1_264' title='bbox 274 3052 376 3100; x_wconf 90' lang='lat' dir='ltr'>tamen</span> <span class='ocrx_word' id='word_1_265' title='bbox 395 3043 505 3120; x_wconf 85' lang='lat' dir='ltr'>legitur</span> <span class='ocrx_word' id='word_1_266' title='bbox 518 3062 608 3101; x_wconf 87' lang='lat' dir='ltr'>sensu</span> <span class='ocrx_word' id='word_1_267' title='bbox 624 3047 811 3122; x_wconf 79' lang='lat' dir='ltr'>aliqnantrnn</span> <span class='ocrx_word' id='word_1_268' title='bbox 825 3044 940 3102; x_wconf 85' lang='lat' dir='ltr'>diverso</span> <span class='ocrx_word' id='word_1_269' title='bbox 956 3045 1096 3101; x_wconf 84' lang='lat' dir='ltr'>Proverb:</span> <span class='ocrx_word' id='word_1_270' title='bbox 1114 3044 1154 3104; x_wconf 79' lang='grc'>81</span> <span class='ocrx_word' id='word_1_271' title='bbox 1176 3039 1237 3116; x_wconf 80' lang='lat'>26)</span> <span class='ocrx_word' id='word_1_272' title='bbox 1260 3038 1370 3097; x_wconf 62' lang='lat' dir='ltr'>doma·</span> 
     </span>
     <span class='ocr_line' id='line_1_32' title="bbox 273 3122 1365 3200; baseline -0.002 -16"><span class='ocrx_word' id='word_1_273' title='bbox 273 3130 358 3185; x_wconf 83' lang='lat' dir='ltr'>navit</span> <span class='ocrx_word' id='word_1_274' title='bbox 379 3125 418 3185; x_wconf 90' lang='lat' dir='ltr'>ad</span> <span class='ocrx_word' id='word_1_275' title='bbox 441 3137 574 3185; x_wconf 84' lang='lat' dir='ltr'>auctores</span> <span class='ocrx_word' id='word_1_276' title='bbox 594 3125 794 3200; x_wconf 77' lang='lat' dir='ltr'>Christianos,</span> <span class='ocrx_word' id='word_1_277' title='bbox 816 3128 849 3184; x_wconf 85' lang='lat' dir='ltr'>S.</span> <span class='ocrx_word' id='word_1_278' title='bbox 869 3129 1032 3183; x_wconf 86' lang='lat' dir='ltr'>Macarimn</span> <span class='ocrx_word' id='word_1_279' title='bbox 1058 3122 1163 3181; x_wconf 88' lang='lat' dir='ltr'>homil.</span> <span class='ocrx_word' id='word_1_280' title='bbox 1186 3123 1223 3196; x_wconf 76' lang='lat'>4,</span> <span class='ocrx_word' id='word_1_281' title='bbox 1246 3143 1365 3182; x_wconf 86' lang='lat' dir='ltr'>cursum</span> 
     </span>
     <span class='ocr_line' id='line_1_33' title="bbox 274 3204 1364 3291; baseline -0.005 -20"><span class='ocrx_word' id='word_1_282' title='bbox 274 3211 363 3271; x_wconf 88' lang='lat' dir='ltr'>stadii</span> <span class='ocrx_word' id='word_1_283' title='bbox 388 3210 478 3271; x_wconf 89' lang='lat' dir='ltr'>huius</span> <span class='ocrx_word' id='word_1_284' title='bbox 502 3209 608 3270; x_wconf 88' lang='lat' dir='ltr'>mundi</span> <span class='ocrx_word' id='word_1_285' title='bbox 630 3221 741 3270; x_wconf 87' lang='lat' dir='ltr'>attente</span> <span class='ocrx_word' id='word_1_286' title='bbox 767 3204 1008 3291; x_wconf 75' lang='grc' dir='ltr'><em>[προσεχοντως]</em></span> <span class='ocrx_word' id='word_1_287' title='bbox 1037 3220 1066 3267; x_wconf 90' lang='lat' dir='ltr'>et</span> <span class='ocrx_word' id='word_1_288' title='bbox 1091 3217 1225 3266; x_wconf 86' lang='lat' dir='ltr'>accurate</span> <span class='ocrx_word' id='word_1_289' title='bbox 1249 3210 1364 3267; x_wconf 84' lang='lat' dir='ltr'>absolvi</span> 
     </span>
     <span class='ocr_line' id='line_1_34' title="bbox 273 3293 1364 3376; baseline -0.004 -22"><span class='ocrx_word' id='word_1_290' title='bbox 273 3309 410 3375; x_wconf 84' lang='lat' dir='ltr'>oportere</span> <span class='ocrx_word' id='word_1_291' title='bbox 432 3297 472 3361; x_wconf 84' lang='lat'>85</span> <span class='ocrx_word' id='word_1_292' title='bbox 485 3301 528 3371; x_wconf 83' lang='lat' dir='ltr'>A,</span> <span class='ocrx_word' id='word_1_293' title='bbox 551 3300 591 3360; x_wconf 80' lang='lat'>36</span> <span class='ocrx_word' id='word_1_294' title='bbox 606 3297 646 3370; x_wconf 85' lang='grc'>0,</span> <span class='ocrx_word' id='word_1_295' title='bbox 668 3296 800 3376; x_wconf 87' lang='lat' dir='ltr'>alibique</span> <span class='ocrx_word' id='word_1_296' title='bbox 821 3314 927 3375; x_wconf 81' lang='lat' dir='ltr'>saepe;</span> <span class='ocrx_word' id='word_1_297' title='bbox 949 3293 989 3354; x_wconf 87' lang='lat' dir='ltr'>ad</span> <span class='ocrx_word' id='word_1_298' title='bbox 1008 3298 1200 3374; x_wconf 84' lang='lat' dir='ltr'>Anonymurn</span> <span class='ocrx_word' id='word_1_299' title='bbox 1215 3295 1318 3352; x_wconf 84' lang='lat' dir='ltr'>Caten.</span> <span class='ocrx_word' id='word_1_300' title='bbox 1332 3297 1364 3352; x_wconf 90' lang='lat' dir='ltr'>in</span> 
     </span>
     <span class='ocr_line' id='line_1_35' title="bbox 272 3383 779 3463; baseline 0.004 -25"><span class='ocrx_word' id='word_1_301' title='bbox 272 3383 405 3460; x_wconf 87' lang='lat' dir='ltr'>psalmos</span> <span class='ocrx_word' id='word_1_302' title='bbox 422 3385 435 3444; x_wconf 91' lang='grc'>1</span> <span class='ocrx_word' id='word_1_303' title='bbox 460 3385 500 3444; x_wconf 85' lang='lat'>89</span> <span class='ocrx_word' id='word_1_304' title='bbox 512 3386 556 3456; x_wconf 84' lang='lat' dir='ltr'>A,</span> <span class='ocrx_word' id='word_1_305' title='bbox 578 3383 779 3463; x_wconf 88' lang='lat' dir='ltr'>reliquosque.</span> 
     </span>
    </p>

    <p class='ocr_par' dir='ltr' id='par_1_5' title="bbox 271 3462 1365 3972">
     <span class='ocr_line' id='line_1_36' title="bbox 357 3462 1365 3545; baseline -0.009 -16"><span class='ocrx_word' id='word_1_306' title='bbox 357 3465 398 3545; x_wconf 81' lang='lat'>2)</span> <span class='ocrx_word' id='word_1_307' title='bbox 427 3468 613 3537; x_wconf 67' lang='lat' dir='ltr'>immeditata,</span> <span class='ocrx_word' id='word_1_308' title='bbox 635 3477 668 3526; x_wconf 86' lang='lat' dir='ltr'>nt</span> <span class='ocrx_word' id='word_1_309' title='bbox 690 3469 815 3526; x_wconf 91' lang='lat' dir='ltr'>barbaro</span> <span class='ocrx_word' id='word_1_310' title='bbox 837 3468 928 3524; x_wconf 80' lang='lat' dir='ltr'>verbo</span> <span class='ocrx_word' id='word_1_311' title='bbox 950 3476 1031 3537; x_wconf 86' lang='lat' dir='ltr'>utar,</span> <span class='ocrx_word' id='word_1_312' title='bbox 1062 3474 1129 3537; x_wconf 87' lang='lat' dir='ltr'>aut,</span> <span class='ocrx_word' id='word_1_313' title='bbox 1161 3471 1196 3520; x_wconf 88' lang='lat' dir='ltr'>ut</span> <span class='ocrx_word' id='word_1_314' title='bbox 1214 3462 1365 3522; x_wconf 83' lang='lat' dir='ltr'>interdurn</span> 
     </span>
     <span class='ocr_line' id='line_1_37' title="bbox 272 3548 1364 3631; baseline -0.002 -23"><span class='ocrx_word' id='word_1_315' title='bbox 272 3569 393 3631; x_wconf 83' lang='lat' dir='ltr'>quoque</span> <span class='ocrx_word' id='word_1_316' title='bbox 411 3550 496 3609; x_wconf 89' lang='lat' dir='ltr'>reddi</span> <span class='ocrx_word' id='word_1_317' title='bbox 516 3562 630 3631; x_wconf 87' lang='lat' dir='ltr'>potest,</span> <span class='ocrx_word' id='word_1_318' title='bbox 650 3555 801 3624; x_wconf 71' lang='lat' dir='ltr'>contheam,</span> <span class='ocrx_word' id='word_1_319' title='bbox 814 3554 957 3629; x_wconf 81' lang='lat' dir='ltr'>proxime.</span> <span class='ocrx_word' id='word_1_320' title='bbox 1003 3551 1045 3606; x_wconf 87' lang='lat' dir='ltr'>sic</span> <span class='ocrx_word' id='word_1_321' title='bbox 1063 3549 1096 3607; x_wconf 87' lang='lat' dir='ltr'>S.</span> <span class='ocrx_word' id='word_1_322' title='bbox 1110 3548 1271 3627; x_wconf 84' lang='lat' dir='ltr'>Gregorius</span> <span class='ocrx_word' id='word_1_323' title='bbox 1285 3551 1364 3626; x_wconf 88' lang='lat' dir='ltr'>Nys-</span> 
     </span>
     <span class='ocr_line' id='line_1_38' title="bbox 271 3626 1365 3714; baseline -0.001 -20"><span class='ocrx_word' id='word_1_324' title='bbox 271 3655 362 3694; x_wconf 84' lang='lat' dir='ltr'>senus</span> <span class='ocrx_word' id='word_1_325' title='bbox 377 3641 484 3700; x_wconf 70' lang='lat' dir='ltr'>orat-2</span> <span class='ocrx_word' id='word_1_326' title='bbox 500 3648 600 3696; x_wconf 88' lang='lat' dir='ltr'>contra</span> <span class='ocrx_word' id='word_1_327' title='bbox 612 3639 741 3697; x_wconf 83' lang='lat' dir='ltr'>Eunom.</span> <span class='ocrx_word' id='word_1_328' title='bbox 756 3642 777 3701; x_wconf 84' lang='lat'><strong>2</strong></span> <span class='ocrx_word' id='word_1_329' title='bbox 799 3635 839 3700; x_wconf 79' lang='lat'>74</span> <span class='ocrx_word' id='word_1_330' title='bbox 854 3638 880 3691; x_wconf 90' lang='lat' dir='ltr'><strong>D</strong></span> <span class='ocrx_word' id='word_1_331' title='bbox 903 3635 935 3696; x_wconf 77' lang='grc' dir='ltr'>ἐκ</span> <span class='ocrx_word' id='word_1_332' title='bbox 951 3637 1005 3695; x_wconf 79' lang='grc' dir='ltr'>τοῦ</span> <span class='ocrx_word' id='word_1_333' title='bbox 1025 3626 1201 3696; x_wconf 73' lang='grc' dir='ltr'><em>ἀκολούθου</em></span> <span class='ocrx_word' id='word_1_334' title='bbox 1214 3635 1365 3714; x_wconf 62' lang='lat' dir='ltr'>susceptio</span> 
     </span>
     <span class='ocr_line' id='line_1_39' title="bbox 271 3715 1363 3802; baseline -0.007 -21"><span class='ocrx_word' id='word_1_335' title='bbox 271 3716 404 3794; x_wconf 76' lang='grc' dir='ltr'>τούτοις,</span> <span class='ocrx_word' id='word_1_336' title='bbox 426 3742 462 3779; x_wconf 72' lang='lat' dir='ltr'>es</span> <span class='ocrx_word' id='word_1_337' title='bbox 480 3743 512 3781; x_wconf 83' lang='lat' dir='ltr'>eo</span> <span class='ocrx_word' id='word_1_338' title='bbox 529 3723 611 3802; x_wconf 79' lang='lat' dir='ltr'>quod</span> <span class='ocrx_word' id='word_1_339' title='bbox 623 3726 761 3781; x_wconf 87' lang='lat' dir='ltr'>contiuuo</span> <span class='ocrx_word' id='word_1_340' title='bbox 778 3723 927 3800; x_wconf 81' lang='lat' dir='ltr'>sequitur:</span> <span class='ocrx_word' id='word_1_341' title='bbox 952 3719 992 3775; x_wconf 83' lang='lat' dir='ltr'>cf.</span> <span class='ocrx_word' id='word_1_342' title='bbox 1008 3728 1082 3776; x_wconf 87' lang='lat' dir='ltr'>orat.</span> <span class='ocrx_word' id='word_1_343' title='bbox 1101 3721 1141 3782; x_wconf 79' lang='grc'>12</span> <span class='ocrx_word' id='word_1_344' title='bbox 1157 3729 1258 3784; x_wconf 77' lang='lat' dir='ltr'>corstra</span> <span class='ocrx_word' id='word_1_345' title='bbox 1273 3715 1363 3775; x_wconf 73' lang='lat' dir='ltr'>autad.</span> 
     </span>
     <span class='ocr_line' id='line_1_40' title="bbox 272 3799 1364 3888; baseline -0.01 -20"><span class='ocrx_word' id='word_1_346' title='bbox 272 3809 294 3868; x_wconf 75' lang='lat'><strong>2</strong></span> <span class='ocrx_word' id='word_1_347' title='bbox 316 3809 374 3869; x_wconf 88' lang='grc'>371</span> <span class='ocrx_word' id='word_1_348' title='bbox 389 3807 421 3878; x_wconf 88' lang='grc'>0,</span> <span class='ocrx_word' id='word_1_349' title='bbox 443 3806 517 3865; x_wconf 90' lang='lat' dir='ltr'>ibid.</span> <span class='ocrx_word' id='word_1_350' title='bbox 533 3808 594 3871; x_wconf 85' lang='lat'>385</span> <span class='ocrx_word' id='word_1_351' title='bbox 607 3810 644 3882; x_wconf 88' lang='lat' dir='ltr'>D,</span> <span class='ocrx_word' id='word_1_352' title='bbox 668 3820 697 3866; x_wconf 91' lang='lat' dir='ltr'>et</span> <span class='ocrx_word' id='word_1_353' title='bbox 710 3806 792 3888; x_wconf 90' lang='lat' dir='ltr'>quod</span> <span class='ocrx_word' id='word_1_354' title='bbox 808 3825 867 3864; x_wconf 90' lang='lat' dir='ltr'>non</span> <span class='ocrx_word' id='word_1_355' title='bbox 883 3807 942 3863; x_wconf 88' lang='lat' dir='ltr'>sint</span> <span class='ocrx_word' id='word_1_356' title='bbox 956 3814 1016 3861; x_wconf 86' lang='lat' dir='ltr'>tres</span> <span class='ocrx_word' id='word_1_357' title='bbox 1032 3802 1074 3860; x_wconf 87' lang='lat' dir='ltr'>dii</span> <span class='ocrx_word' id='word_1_358' title='bbox 1086 3804 1149 3868; x_wconf 74' lang='lat'>459</span> <span class='ocrx_word' id='word_1_359' title='bbox 1164 3808 1190 3862; x_wconf 86' lang='grc' dir='ltr'><strong>Α</strong></span> <span class='ocrx_word' id='word_1_360' title='bbox 1205 3806 1241 3860; x_wconf 90' lang='grc' dir='ltr'>Β.</span> <span class='ocrx_word' id='word_1_361' title='bbox 1285 3799 1364 3880; x_wconf 87' lang='lat' dir='ltr'>apud</span> 
     </span>
     <span class='ocr_line' id='line_1_41' title="bbox 272 3886 1364 3972; baseline -0.005 -24"><span class='ocrx_word' id='word_1_362' title='bbox 272 3891 445 3948; x_wconf 88' lang='lat' dir='ltr'>Nemesium</span> <span class='ocrx_word' id='word_1_363' title='bbox 466 3903 567 3950; x_wconf 89' lang='lat' dir='ltr'>autem</span> <span class='ocrx_word' id='word_1_364' title='bbox 592 3893 606 3972; x_wconf 89' lang='lat'>(</span> <span class='ocrx_word' id='word_1_365' title='bbox 612 3905 646 3951; x_wconf 91' lang='lat' dir='ltr'>ut</span> <span class='ocrx_word' id='word_1_366' title='bbox 665 3906 744 3954; x_wconf 87' lang='lat' dir='ltr'>recte</span> <span class='ocrx_word' id='word_1_367' title='bbox 764 3892 900 3952; x_wconf 83' lang='lat' dir='ltr'>observat</span> <span class='ocrx_word' id='word_1_368' title='bbox 917 3891 949 3945; x_wconf 93' lang='lat' dir='ltr'>in</span> <span class='ocrx_word' id='word_1_369' title='bbox 964 3890 1078 3947; x_wconf 84' lang='lat' dir='ltr'>Lexico</span> <span class='ocrx_word' id='word_1_370' title='bbox 1096 3890 1147 3946; x_wconf 86' lang='lat' dir='ltr'>Gr.</span> <span class='ocrx_word' id='word_1_371' title='bbox 1165 3886 1364 3947; x_wconf 82' lang='lat' dir='ltr'>Schneiderns</span> 
     </span>
    </p>
   </div>
   <div class='ocr_carea' id='block_1_3' title="bbox 271 3969 1364 4483">
    <p class='ocr_par' dir='ltr' id='par_1_6' title="bbox 271 3969 1364 4483">
     <span class='ocr_line' id='line_1_42' title="bbox 272 3969 1364 4056; baseline -0.004 -24"><span class='ocrx_word' id='word_1_372' title='bbox 272 3978 319 4032; x_wconf 76' lang='lat' dir='ltr'>vir</span> <span class='ocrx_word' id='word_1_373' title='bbox 340 3974 495 4054; x_wconf 87' lang='lat' dir='ltr'>summus)</span> <span class='ocrx_word' id='word_1_374' title='bbox 516 3997 606 4056; x_wconf 85' lang='lat' dir='ltr'>saepe</span> <span class='ocrx_word' id='word_1_375' title='bbox 629 3977 805 4037; x_wconf 78' lang='lat' dir='ltr'>vertendum</span> <span class='ocrx_word' id='word_1_376' title='bbox 819 3986 863 4034; x_wconf 89' lang='lat' dir='ltr'>est</span> <span class='ocrx_word' id='word_1_377' title='bbox 878 3974 1047 4031; x_wconf 80' lang='lat' dir='ltr'>immediate</span> <span class='ocrx_word' id='word_1_378' title='bbox 1063 3971 1100 4031; x_wconf 85' lang='lat' dir='ltr'>de</span> <span class='ocrx_word' id='word_1_379' title='bbox 1116 3984 1221 4031; x_wconf 77' lang='lat' dir='ltr'>tratura</span> <span class='ocrx_word' id='word_1_380' title='bbox 1234 3969 1364 4028; x_wconf 88' lang='lat' dir='ltr'>hominis</span> 
     </span>
     <span class='ocr_line' id='line_1_43' title="bbox 273 4057 1364 4140; baseline -0.008 -21"><span class='ocrx_word' id='word_1_381' title='bbox 273 4062 311 4122; x_wconf 89' lang='grc'>17</span> <span class='ocrx_word' id='word_1_382' title='bbox 330 4061 353 4119; x_wconf 83' lang='grc'>0</span> <span class='ocrx_word' id='word_1_383' title='bbox 375 4060 446 4137; x_wconf 89' lang='lat' dir='ltr'>(aut</span> <span class='ocrx_word' id='word_1_384' title='bbox 461 4059 509 4118; x_wconf 85' lang='lat' dir='ltr'>ed.</span> <span class='ocrx_word' id='word_1_385' title='bbox 524 4061 669 4121; x_wconf 84' lang='lat' dir='ltr'>Matthaei</span> <span class='ocrx_word' id='word_1_386' title='bbox 684 4063 724 4127; x_wconf 82' lang='grc'>49</span> <span class='ocrx_word' id='word_1_387' title='bbox 740 4061 785 4140; x_wconf 87' lang='grc' dir='ltr'>Α)</span> <span class='ocrx_word' id='word_1_388' title='bbox 807 4062 901 4134; x_wconf 80' lang='lat'>211),</span> <span class='ocrx_word' id='word_1_389' title='bbox 923 4063 964 4122; x_wconf 83' lang='lat'>62</span> <span class='ocrx_word' id='word_1_390' title='bbox 977 4061 1005 4117; x_wconf 86' lang='lat' dir='ltr'>D</span> <span class='ocrx_word' id='word_1_391' title='bbox 1021 4069 1051 4116; x_wconf 86' lang='lat' dir='ltr'>et</span> <span class='ocrx_word' id='word_1_392' title='bbox 1067 4059 1149 4116; x_wconf 86' lang='lat' dir='ltr'>alibi.</span> <span class='ocrx_word' id='word_1_393' title='bbox 1191 4075 1289 4134; x_wconf 88' lang='lat' dir='ltr'>neque</span> <span class='ocrx_word' id='word_1_394' title='bbox 1305 4057 1364 4112; x_wconf 89' lang='lat' dir='ltr'>ali-</span> 
     </span>
     <span class='ocr_line' id='line_1_44' title="bbox 272 4139 1364 4221; baseline -0.004 -19"><span class='ocrx_word' id='word_1_395' title='bbox 272 4156 318 4202; x_wconf 88' lang='lat' dir='ltr'>ter</span> <span class='ocrx_word' id='word_1_396' title='bbox 340 4147 479 4204; x_wconf 78' lang='lat' dir='ltr'>Clemens</span> <span class='ocrx_word' id='word_1_397' title='bbox 500 4146 722 4206; x_wconf 84' lang='lat' dir='ltr'>Alexandrinus</span> <span class='ocrx_word' id='word_1_398' title='bbox 741 4149 881 4206; x_wconf 85' lang='lat' dir='ltr'>Stromat.</span> <span class='ocrx_word' id='word_1_399' title='bbox 899 4147 997 4207; x_wconf 81' lang='lat' dir='ltr'>392s</span> <span class='ocrx_word' id='word_1_400' title='bbox 1022 4143 1113 4202; x_wconf 89' lang='lat' dir='ltr'>deum</span> <span class='ocrx_word' id='word_1_401' title='bbox 1132 4151 1290 4221; x_wconf 85' lang='lat' dir='ltr'>praecepta</span> <span class='ocrx_word' id='word_1_402' title='bbox 1308 4139 1364 4198; x_wconf 85' lang='lat' dir='ltr'>de·</span> 
     </span>
     <span class='ocr_line' id='line_1_45' title="bbox 272 4222 1364 4312; baseline -0.001 -25"><span class='ocrx_word' id='word_1_403' title='bbox 272 4229 352 4288; x_wconf 85' lang='lat' dir='ltr'>disse</span> <span class='ocrx_word' id='word_1_404' title='bbox 370 4233 416 4288; x_wconf 88' lang='lat' dir='ltr'>sit</span> <span class='ocrx_word' id='word_1_405' title='bbox 436 4226 486 4291; x_wconf 69' lang='lat' dir='ltr'>(lsai</span> <span class='ocrx_word' id='word_1_406' title='bbox 510 4224 619 4311; x_wconf 78' lang='grc' dir='ltr'>νόμον,</span> <span class='ocrx_word' id='word_1_407' title='bbox 642 4229 692 4294; x_wconf 76' lang='lat' dir='ltr'>sisoi</span> <span class='ocrx_word' id='word_1_408' title='bbox 714 4235 895 4310; x_wconf 75' lang='grc' dir='ltr'>προφητῶν,</span> <span class='ocrx_word' id='word_1_409' title='bbox 917 4229 968 4290; x_wconf 78' lang='grc' dir='ltr'>καὶ</span> <span class='ocrx_word' id='word_1_410' title='bbox 989 4226 1217 4312; x_wconf 78' lang='grc' dir='ltr'><em>προσεχέστερον</em></span> <span class='ocrx_word' id='word_1_411' title='bbox 1234 4223 1295 4305; x_wconf 78' lang='grc' dir='ltr'>ἤδη</span> <span class='ocrx_word' id='word_1_412' title='bbox 1312 4222 1364 4286; x_wconf 73' lang='lat' dir='ltr'>dici</span> 
     </span>
     <span class='ocr_line' id='line_1_46' title="bbox 271 4312 1362 4399; baseline -0.007 -23"><span class='ocrx_word' id='word_1_413' title='bbox 271 4318 326 4392; x_wconf 82' lang='grc' dir='ltr'>τῆς</span> <span class='ocrx_word' id='word_1_414' title='bbox 345 4320 401 4378; x_wconf 79' lang='grc' dir='ltr'>τοῦ</span> <span class='ocrx_word' id='word_1_415' title='bbox 422 4315 494 4378; x_wconf 77' lang='grc' dir='ltr'><em>οἱοῦ</em></span> <span class='ocrx_word' id='word_1_416' title='bbox 514 4319 696 4399; x_wconf 79' lang='grc' dir='ltr'><em>παρουσίας·</em></span> <span class='ocrx_word' id='word_1_417' title='bbox 724 4317 833 4374; x_wconf 85' lang='lat' dir='ltr'>Daniel</span> <span class='ocrx_word' id='word_1_418' title='bbox 852 4317 1009 4388; x_wconf 85' lang='lat' dir='ltr'>Heinsius,</span> <span class='ocrx_word' id='word_1_419' title='bbox 1039 4314 1138 4371; x_wconf 85' lang='lat' dir='ltr'>nascio</span> <span class='ocrx_word' id='word_1_420' title='bbox 1160 4331 1251 4389; x_wconf 88' lang='lat' dir='ltr'>quarn</span> <span class='ocrx_word' id='word_1_421' title='bbox 1270 4312 1362 4368; x_wconf 81' lang='lat' dir='ltr'>berre:</span> 
     </span>
     <span class='ocr_line' id='line_1_47' title="bbox 272 4398 1364 4483; baseline -0.005 -27"><span class='ocrx_word' id='word_1_422' title='bbox 272 4411 301 4456; x_wconf 78' lang='lat' dir='ltr'>et</span> <span class='ocrx_word' id='word_1_423' title='bbox 314 4402 376 4459; x_wconf 81' lang='lat' dir='ltr'>iam</span> <span class='ocrx_word' id='word_1_424' title='bbox 385 4404 586 4483; x_wconf 73' lang='lat' dir='ltr'>propinquitas</span> <span class='ocrx_word' id='word_1_425' title='bbox 595 4423 654 4483; x_wconf 80' lang='lat' dir='ltr'>per</span> <span class='ocrx_word' id='word_1_426' title='bbox 659 4403 728 4479; x_wconf 73' lang='lat' dir='ltr'>filii</span> <span class='ocrx_word' id='word_1_427' title='bbox 738 4402 910 4460; x_wconf 71' lang='lat' dir='ltr'>adventrum.</span> <span class='ocrx_word' id='word_1_428' title='bbox 957 4398 1122 4474; x_wconf 84' lang='lat' dir='ltr'>eodemque</span> <span class='ocrx_word' id='word_1_429' title='bbox 1136 4416 1225 4455; x_wconf 87' lang='lat' dir='ltr'>sensu</span> <span class='ocrx_word' id='word_1_430' title='bbox 1241 4399 1364 4457; x_wconf 84' lang='lat' dir='ltr'>occurrit</span> 
     </span>
    </p>
   </div>
   <div class='ocr_carea' id='block_1_4' title="bbox 0 0 1568 4959">
    <p class='ocr_par' dir='ltr' id='par_1_7' title="bbox 0 0 1568 4959">
     <span class='ocr_line' id='line_1_48' title="bbox 0 0 1568 4959; baseline 0 3"><span class='ocrx_word' id='word_1_431' title='bbox 0 0 1568 4959; x_wconf 95' lang='lat' dir='ltr'> </span> 
     </span>
    </p>
   </div>
  </div>
 </body>
</html>
