3125 4959
252 437 327 510 308
529 437 641 509 nasu
667 439 1060 514 anmanvssnsmahs

250 602 467 685 διισχυρίζεσθε
491 603 637 687 Iosephus
665 607 813 688 Antiquit.
836 605 948 666 ludaic.
973 605 1012 670 45
1036 609 1071 666 F.
1114 605 1341 688 διισχυρίζονται

250 691 398 749 Eusebius
416 691 586 772 Praeparat.
608 711 715 771 evang·
733 691 796 757 724
812 693 851 769 0,
875 694 936 758 725
951 693 985 751 0.
1028 691 1260 774 διισχυρίζεσθαι
1277 697 1341 750 Ha-

250 774 372 833 drianus
389 776 467 854 Aug.
479 778 513 834 in
525 780 666 858 rescripto
681 777 762 857 apud
773 777 882 838 Euseb.
897 779 974 845 illst.
983 779 1088 836 eccles.
1097 779 1203 852 12303
1225 779 1342 836 8.οη-

249 863 351 939 gorius
371 862 524 939 Nyssenus
547 863 602 921 lib.
626 867 642 926 1
667 872 768 920 contra
788 865 970 922 Eunomium
989 867 1008 928 8
1030 867 1072 927 90
1092 865 1136 935 A3
1166 864 1199 921 S.
1213 866 1341 921 loannes
1370 897 1376 908 ·

248 944 479 1024 Chrysostomus
501 952 612 1012 orat.1
635 948 668 1005 in
682 947 863 1011 anamma
884 945 945 1011 224
968 951 1024 1021 13,
1047 945 1229 1011 00100ἰαῖ3
1254 951 1286 1004 in
1306 949 1340 1006 S·

247 1033 431 1094 loffluemP
457 1029 520 1096 646
548 1033 600 1097 12.
645 1027 894 1113 διισχυριζὸμενος
912 1033 945 1092 8.
965 1037 1091 1091 Ioannes
1112 1031 1341 1112 Ghrysostomus

248 1118 360 1179 orat.2
380 1111 762 1198 deiucomprehensibili6
783 1121 844 1184 397
867 1121 917 1181 12.
961 1117 1213 1199 διισχυριζομένου
1235 1119 1341 1175 llelio-

247 1198 338 1259 dorus
353 1197 494 1281 Aethiop.
510 1205 573 1267 270
583 1203 618 1262 0.
661 1195 913 1282 διισχυριζόμενον
928 1201 961 1260 S.
974 1205 1100 1279 lcaunes
1114 1201 1342 1282 chrysostomus

245 1282 374 1342 homilia
394 1287 435 1349 63
455 1289 489 1344 in
509 1287 542 1345 S.
564 1285 750 1345 Matthaeum
769 1287 834 1352 674
853 1289 886 1345 0.
928 1287 1119 1367 διισχυρίζετο
1136 1289 1167 1345 S.
1182 1290 1342 1365 Gregorius

169 1402 181 1422 f
245 1372 401 1449 Nyssenus
425 1367 464 1428 de
486 1373 547 1430 vita
570 1374 602 1432 8.
619 1375 768 1430 Macrinus
787 1375 805 1434 3
830 1375 889 1436 180
909 1373 953 1445 D,
975 1373 1008 1431 8.
1022 1371 1202 1430 Athanasius
1222 1376 1284 1431 vita
1307 1373 1342 1430 8.

246 1457 371 1513 Antonii
384 1457 525 1514 eremitae
539 1461 579 1523 81
593 1459 629 1515 B.
673 1466 762 1540 atque
782 1454 859 1514 haec
880 1455 917 1516 de
937 1457 1041 1516 formis
1059 1460 1223 1537 praesentis
1240 1467 1269 1514 et
1281 1459 1343 1514 im-

247 1540 391 1620 perfecti:
412 1551 496 1599 taceo
511 1539 550 1599 de
564 1542 676 1601 aoristi.

333 1644 365 1705 p·
381 1627 441 1689 801
456 1645 485 1683 v·
500 1624 530 1688 5·
574 1627 623 1688 δεῖ
634 1623 691 1708 γὰρ
705 1619 812 1704 ἥλιον]
834 1627 932 1705 priore
951 1628 1057 1685 itinere
1077 1647 1145 1684 meo
1164 1626 1266 1684 ltalico
1287 1621 1343 1681 de-

248 1709 355 1788 scripsi
379 1729 419 1767 ex
443 1708 545 1768 codice
567 1709 731 1769 admodum
751 1719 868 1767 vetusto
890 1721 1048 1769 tractatum
1070 1711 1216 1773 ineditum
1238 1711 1342 1767 incerti

249 1795 378 1853 auctoris
403 1792 441 1853 de
466 1799 662 1870 astronomia,
692 1795 877 1852 luculentum
896 1814 967 1853 sane
990 1815 1024 1852 ac
1045 1797 1282 1873 perelegantem,
1310 1803 1344 1851 ut

248 1899 345 1959 paene
365 1881 464 1939 Attico
484 1880 562 1959 stylo
584 1891 741 1938 exaratum
761 1877 854 1937 dicas.
897 1878 979 1937 unde
999 1878 1115 1959 (donec
1133 1891 1230 1937 totum
1245 1884 1276 1935 in
1293 1881 1345 1935 lu-

249 1985 317 2022 cem
339 1975 442 2044 potero
467 1964 618 2044 asserere)
646 1962 796 2022 exhibebo
819 1965 918 2022 locum
939 1966 1045 2039 illum,
1074 1963 1111 2021 de
1138 1966 1226 2022 Sole:
1256 1957 1345 2036 οὗτος

249 2045 307 2134 χοῖρ
328 2044 452 2130 [ileos]
475 2048 532 2129 ἔχει
549 2047 605 2129 μὲν
627 2049 660 2111 ἐν
679 2049 777 2112 iuveni
796 2045 853 2129 τήν
875 2053 938 2109 ταῖν
961 2044 1040 2111 ὅλοιν
1065 2043 1189 2125 ου’σίαν,
1217 2048 1268 2110 καί
1294 2043 1343 2110 διδ

249 2131 340 2196 τοῦτό
359 2157 437 2207 τινες
458 2134 509 2197 καί
529 2139 568 2217 τῇ
589 2138 651 2197 τοῖν
670 2111 823 2214 securiores
842 2135 994 2213 στοιχείων
1016 2127 1105 2210 φύσει
1121 2138 1228 2195 τοῦτον
1242 2137 1352 2218 κειιριῖ·Υ

252 2226 328 2281 σθαι
348 2216 454 2304 ᾤοντο.
498 2216 619 2300 ἡχεμοίν
637 2213 667 2282 δ’
685 2217 747 2282 ἐστὶ
764 2223 821 2280 τοῦ
834 2215 1006 2297 ου’μιιαντος
1026 2212 1140 2296 κόσμου
1156 2219 1207 2280 καὶ
1223 2213 1346 2279 πάντων

250 2300 436 2386 γεννητικός·
456 2309 571 2382 χενναῑν
591 2302 624 2366 δὲ
641 2297 733 2377 αὖθις
745 2303 797 2365 καί
811 2300 939 2378 διαλύει,
962 2304 1013 2365 καὶ
1032 2301 1106 2377 πρὸς
1122 2300 1175 2366 τδν
1188 2323 1345 2383 σπερματι-

249 2387 308 2453 ιιὸν
327 2384 418 2472 λόγον
440 2384 661 2469 α’ναλαμβοίνει,
692 2385 799 2462 διδοδς.
816 2385 871 2468 μὲν
890 2393 928 2469 τῇ
947 2384 1007 2495 lily
1030 2385 1138 2452 οὐσίαν
1163 2386 1268 2469 σχεδὸν
1292 2386 1345 2449 καί

252 2468 349 2553 ζωήν,
377 2468 656 2556 οἷνταιτοίαμβιίνων
684 2471 718 2536 δὲ
743 2470 802 2554 τήν
829 2469 951 2536 ἄνωθεν
978 2476 1117 2555 υπαρξιν.
1166 2473 1255 2553 μέσος
1286 2468 1344 2554 yolo

192 2628 198 2638 Ι
250 2559 386 2638 ἵδρυται,
414 2553 451 2622 soi
481 2556 558 2641 ἄκρα
583 2557 736 2634 συνδέων,
766 2553 809 2632 ὅς
827 2577 922 2637 φησιν
933 2554 1104 2639 Ὄλυμπος,
1131 2557 1182 2621 καί
1204 2554 1344 2637 καθάπερ

249 2641 375 2724 ἦνίοχος
388 2638 505 2726 circada
516 2641 550 2708 τδ
562 2648 619 2707 τοῦ
629 2641 747 2721 κόσμου
762 2637 845 2722 ἅρμα
858 2638 1000 2721 depulsis
1014 2639 1157 2706 ίίαιίνοιυ.
1200 2647 1226 2702 is
1245 2653 1345 2700 aunem

251 2730 398 2807 Olympus
420 2739 465 2789 est
485 2731 611 2787 fortasse
635 2726 833 2808 philosophus
860 2731 1069 2807 peripateticus
1092 2727 1181 2788 huius
1204 2730 1345 2801 nominis,

253 2810 417 2889 discipulus
436 2817 590 2873 Ammonii
610 2815 738 2888 saccae,
759 2812 1000 2890 Alexandrinus,
1022 2812 1060 2873 de
1082 2832 1141 2894 quo
1163 2812 1346 2891 Porphyrius

252 2899 313 2955 rita
334 2898 447 2955 Plotini
459 2905 483 2961 7·
495 2901 522 2955 1)
535 2902 580 2974 ll,
598 2899 651 2957 ubi
669 2911 771 2957 tamen
787 2919 867 2956 nunc
881 2900 991 2978 legitur
1005 2894 1175 2977 Ὀλύμπιος.
1218 2895 1347 2954 eundern

252 2992 339 3038 vocat
353 2982 515 3060 Olympum
527 2986 678 3043 Massilius
692 2987 812 3041 Picinus
825 2985 1023 3041 commentar.
1039 2987 1071 3040 in
1082 2984 1176 3046 libr.3
1193 2979 1347 3043 ennead.2

251 3066 364 3128 Plotini
384 3071 444 3130 126
464 3069 503 3124 Α.
536 3064 711 3144 Ὄλυμπος,
740 3065 874 3124 medicus
897 3067 1084 3145 Cleopatrae,
1114 3069 1166 3147 qui
1190 3063 1348 3125 historiam

253 3149 367 3225 edidit,¹
386 3162 568 3210 memoratur
583 3170 600 3208 a
616 3149 776 3209 Plutarcho
792 3153 845 3208 rit.
860 3157 969 3208 Auton.
985 3154 1045 3214 953
1061 3153 1098 3208 D.

337 3256 368 3314 p-
389 3240 451 3300 303
476 3257 509 3296 ν.-
528 3239 577 3299 18.
622 3233 812 3317 Καρτιίιτων]
839 3239 889 3294 'sic
916 3256 1030 3294 omnes.
1072 3255 1148 3296 num
1175 3234 1349 3296 Carteiam?

194 3338 196 3341 ·
259 3320 461 3380 Cartennam?
502 3321 604 3379 confer
620 3330 720 3378 tamen
737 3343 767 3400 p.
783 3321 845 3385 382
867 3325 897 3382 7.

338 3427 370 3485 p-
388 3409 459 3468 306.
503 3409 746 3468 ΕΦΗΜΕΡΟΣ
762 3404 1109 3481 ΒΡΟΝΤΟΣΚΟΠΙΑ]
1132 3401 1224 3478 haec,
1251 3421 1348 3484 usque

255 3487 294 3549 ad
314 3511 346 3568 p.
368 3490 444 3561 331,
473 3491 535 3546 iam
558 3510 628 3551 cusa
651 3501 735 3548 erant
755 3494 788 3547 in
807 3492 956 3566 Rutgersii
976 3491 1044 3548 Var.
1065 3491 1160 3546 Lectt.
1179 3507 1210 3566 p.
1231 3487 1292 3554 247
1305 3522 1349 3533 -

255 3577 333 3646 260,
363 3573 444 3632 unde
476 3577 613 3653 excerpsi
640 3575 782 3631 lectiones
812 3576 957 3644 varia-ntes
985 3591 1062 3653 quae
1091 3585 1251 3631 cernuntur
1280 3593 1349 3632 cum

257 3658 305 3717 hic
320 3662 351 3716 in
366 3663 444 3719 notis
459 3669 523 3718 tum
536 3661 671 3738 superius
687 3657 726 3714 ad
741 3676 824 3715 oram
836 3659 1032 3735 pagellarum.

339 3764 370 3823 p-
387 3748 448 3808 308
466 3765 496 3802 v.
514 3747 545 3806 6.
589 3741 691 3821 εὔροια
705 3740 719 3769 *
732 3747 793 3805 cciv
807 3742 982 3822 ποταμίων]
1003 3743 1147 3817 fortasse,
1170 3737 1273 3822 εὔροια
1289 3745 1351 3804 τοῖν

255 3832 418 3905 ποταμοῖν,
445 3831 582 3909 sequenti
605 3827 746 3903 diastole,
775 3825 1030 3909 quemadmodum
1051 3826 1140 3886 habet
1159 3829 1350 3905 Rutgersius3

254 3923 287 3971 ut
301 3912 501 3991 supplendum
514 3918 553 3973 sit
567 3913 679 3996 aliquid
693 3916 725 3970 iu
735 3912 837 3993 phrasi
848 3916 995 3992 sequenti.
1038 3914 1231 3990 scaturigines
1243 3913 1350 3969 fluvia-

254 4000 355 4055 tilium
380 4017 524 4077 aquarum
544 4001 623 4058 infra
647 4018 767 4081 quoque
791 4009 984 4058 numerantur
1007 4000 1040 4056 in
1065 3999 1154 4057 rebus
1171 3998 1350 4056 salutaribus

277 4085 363 4147 ,310
386 4087 421 4154 7,
448 4084 503 4140 lul.
526 4089 574 4147 10.

254 4104 275 4165 P
339 4188 370 4246 p-
385 4170 446 4231 309
461 4187 490 4225 v·
506 4172 557 4232 22.
600 4171 752 4242 δουλικαῖς
766 4163 889 4246 τύχαις]
911 4169 949 4226 cf.
964 4189 993 4248 p·
1004 4165 1066 4232 314
1087 4167 1117 4240 5,
1138 4165 1306 4244 Septembr.
1318 4168 1350 4228 7.

254 4261 295 4309 erl
318 4254 468 4330 llutgersii
484 4256 564 4312 nulls
577 4257 676 4319 2900
696 4253 783 4312 rideo
803 4256 967 4312 Meursium
990 4273 1044 4331 pro
1061 4247 1163 4332 τύχαις
1181 4252 1281 4330 legere
1296 4270 1351 4308 vo-

255 4337 345 4395 luisse
369 4342 489 4417 ψυχαῖς.
532 4336 587 4397 sed
606 4340 754 4418 fortunae
776 4337 897 4397 serviles
916 4357 971 4419 pro
994 4340 1068 4418 ipsis
1086 4339 1180 4397 servis
1199 4336 1352 4420 bene,·ut

255 4424 375 4501 opinor,
398 4420 514 4480 dicitur.
