3125 4959
283 420 364 470 xxva
578 401 691 473 HASII
711 403 770 471 DE
790 398 951 476 'losntttt
974 404 1094 473 tuno

187 627 215 680 p.
233 622 273 664 xx.
371 624 405 685 Ρ.
418 600 496 685 23),
516 604 654 665 ωνίπιαπα
675 624 774 665 meum
796 605 947 684 ecemplar
962 627 997 665 er
1009 604 1120 665 relectis
1134 603 1250 665 Altam
1269 602 1383 663 chartis

371 706 567 786 descrc'pmm,
586 708 669 790 qnod
688 708 871 769 clarissimus
892 718 920 765 et
940 709 1156 769 eruditissimus
1170 705 1265 766 abbas
1278 708 1384 764 Mori-

373 809 457 881 nins,
476 808 594 869 archivi
611 810 757 870 Vaticani
765 810 953 890 praefectus,
972 811 1048 870 milri
1056 810 1271 891 perlegendum
1285 806 1379 865 dedit.

373 907 467 992 idque
495 908 667 991 exemplar,
698 931 768 972 cum
795 914 945 991 insignem
973 914 1039 972 eius
1056 913 1190 972 valorem
1210 932 1245 969 ac
1265 912 1383 969 utilita-

374 1020 438 1071 tem
463 1016 657 1095 perspiceret,
692 1034 762 1075 cam
780 1012 884 1075 codice
907 1018 965 1091 177
986 1013 1185 1073 bibliothecae
1202 1014 1386 1071 barberinae

372 1112 485 1195 (quem
498 1137 529 1199 p.
540 1136 643 1180 mss
655 1136 707 1179 no.
721 1123 738 1184 1
754 1116 861 1201 posui)
883 1117 1045 1177 contulisse
1065 1136 1131 1177 sese
1152 1114 1307 1178 Schowius
1322 1115 1384 1173 ibi-

299 1228 303 1235 '
374 1212 445 1275 dem
461 1220 514 1279 ait.

414 1322 461 1378 Ita
479 1321 626 1382 maiorem
643 1317 724 1381 hauc
747 1321 913 1402 epitomen,
935 1317 975 1381 de
993 1339 1054 1404 qna
1073 1322 1135 1379 iam
1152 1315 1267 1379 dudum
1282 1318 1386 1401 loqui-

290 1436 376 1494 mur,
397 1422 533 1504 quinqua
551 1422 585 1483 iu
606 1422 829 1504 exemplaribus
848 1432 984 1501 exstare,
1004 1422 1056 1485 vel
1067 1424 1234 1501 exstitisse,
1255 1422 1387 1503 intelligi

289 1530 400 1601 potest.

234 1616 274 1681 18
420 1624 517 1686 Venio
536 1622 576 1685 sd
594 1626 810 1701 minusculam,
840 1646 932 1709 quam
950 1628 1074 1687 insulis
1095 1610 1216 1688 duobus
1231 1645 1389 1705 superesse

290 1735 379 1805 puto,
398 1746 458 1786 uno
477 1724 544 1785 cod.
563 1728 701 1785 Palatino
723 1725 861 1784 biblioth.
877 1729 1037 1785 vaticanae
1052 1729 1195 1802 no.141,
1216 1725 1389 1785 aSchouio

289 1828 314 1885 1.
337 1830 387 1886 cit.
410 1826 583 1901 Biblebthel
602 1827 655 1886 der
670 1826 754 1885 alten
776 1836 832 1885 etc.
855 1846 889 1907 Ρ.
906 1830 948 1893 28
970 1815 1151 1902 memorato,
1173 1829 1265 1887 altero
1284 1838 1388 1887 nostro

289 1930 385 2009 Regio
397 1949 448 1989 nn.
462 1926 545 1993 1409
567 1925 662 2009 (olim
676 1927 769 2004 1185,
787 1931 879 2012 1299,
893 1927 997 2008 8367)
1016 1928 1071 1988 tot.
1092 1933 1134 1993 77
1147 1926 1283 1992 recto-84
1295 1939 1387 1986 recto.

291 2050 333 2091 ex
344 2029 402 2090 hoc
412 2033 507 2111 Regio
520 2029 623 2091 codIee
636 2031 803 2091 Salmasius
818 2030 919 2089 locum
933 2028 972 2089 de
987 2033 1081 2090 tribus
1092 2032 1177 2110 llryli
1191 2032 1300 2090 animis
1309 2028 1391 2089 hau·

203 2150 206 2157 ’
292 2134 348 2208 sit,
373 2128 563 2212 ὅπἝρνλον
582 2128 638 2197 τᾶν
659 2130 727 2212 περὶ
744 2126 867 2194 Ἰταλίαν
887 2169 927 2180 -
947 2125 1015 2194 οἷον
1024 2136 1080 2212 τῆς
1091 2126 1183 2212 ὅλης,
1205 2130 1285 2196 ἐστίν
1305 2130 1390 2213 (vid.

292 2244 356 2295 not.
377 2244 407 2293 et
426 2231 626 2294 animadvers.
641 2234 673 2292 in
686 2234 813 2312 Epictet.
826 2244 856 2294 et
870 2235 1006 2314 simplic.
1021 2234 1163 2314 Lugduni
1173 2238 1240 2294 But.
1255 2233 1345 2309 1640,
1357 2232 1390 2310 4,

293 2356 326 2417 Ρ.
341 2334 444 2416 256):
466 2356 507 2396 ex
530 2334 639 2396 eodem
657 2338 803 2395 Boivinus
821 2334 981 2395 Glraldai'ca
998 2338 1118 2395 oracula
1131 2339 1242 2397 inserta
1256 2339 1288 2395 in
1304 2347 1392 2395 tratas

294 2438 335 2498 ad
345 2436 727 2520 NicephorumGregoram
744 2438 792 2499 ed.
807 2442 883 2519 lieg.
897 2440 992 2497 Paris.
1007 2442 1105 2511 1702,
1126 2440 1181 2498 lol.
1224 2448 1269 2496 est
1289 2448 1391 2495 autem

293 2536 370 2599 haec
394 2544 523 2623 epitome
545 2538 669 2601 iucod.
691 2542 787 2620 Regio
809 2559 974 2620 anonyma,
1003 2538 1037 2596 in
1056 2540 1192 2597 Palatino
1213 2538 1392 2599 adscribitur

185 2770 203 2821 Ρ
231 2764 280 2806 sar
298 2745 331 2803 in
353 2747 450 2824 capite
463 2743 501 2804 de
515 2748 670 2825 fulgurum
681 2746 713 2805 vi
727 2752 758 2803 ct
770 2763 875 2821 causa,
896 2747 956 2807 sois·
974 2742 1075 2825 μέντοι
1091 2738 1393 2825 cermopilensem

295 2841 420 2928 ccipere
439 2843 542 2927 ἄταφα
562 2846 783 2929 κατελίμπανον
804 2844 837 2909 oi
850 2841 961 2925 πάλαι,
983 2841 1163 2929 disciplicere
1175 2844 1317 2927 μένοντα·
1337 2846 1394 2923 τῆς
1489 2850 1492 2854 ’

296 2946 354 3033 γὰρ
376 2948 411 3015 ln
432 2943 538 3026 αὐτοῖς
559 2944 720 3033 ὖγρὸτηνος
745 2942 991 3030 ἄναρπαζομὲνης
1011 2946 1074 3013 aiud
1094 2952 1150 3011 τοῦ
1169 2940 1267 3038 πυρός
1292 2938 1394 3026 ὥσπερ

296 3046 512 3133 ἐποπτηθέντα
531 3036 684 3133 διαμένειν
702 3048 847 3128 πέφυκεν.
889 3069 980 3129 quam
998 3049 1122 3132 quidem
1141 3050 1291 3127 epitomen
1310 3044 1395 3107 haud

296 3156 359 3215 scio
375 3170 414 3213 att
427 3164 506 3213 recte
522 3150 679 3213 Schowius
691 3148 766 3210 ibid.
777 3170 809 3229 Ρ.
822 3154 863 3214 28
878 3152 1027 3229 scripserit
1043 3172 1112 3210 cum
1127 3151 1281 3232 prooemio
1294 3153 1393 3231 operis

297 3258 393 3332 futiri,
413 3254 472 3316 hoc
498 3266 561 3331 est,
583 3274 624 3314 ex
643 3256 742 3333 priore
762 3252 827 3311 sola
843 3252 939 3311 libelli
959 3263 1042 3333 parte
1060 3251 1197 3313 hausisse
1213 3251 1393 3329 Planudeuu

299 3362 449 3441 reliquam
470 3358 591 3418 omnino
612 3376 675 3416 non
694 3356 838 3435 attigisse.
880 3357 1009 3431 etenim,
1030 3366 1064 3415 nt
1077 3354 1134 3416 hoc
1146 3366 1227 3431 utar,
1250 3357 1393 3436 quianon

298 3458 381 3519 videt
396 3462 521 3521 minoris
539 3462 684 3541 epitomes
700 3469 789 3537 caput
804 3455 882 3516 illud
896 3456 934 3517 de
947 3459 1100 3537 fulgurum
1113 3459 1160 3531 vi,
1182 3453 1229 3520 ὅτι
1248 3455 1328 3532 sotle-
1342 3480 1394 3520 κε-

298 3555 431 3643 ραυνούς
453 3581 529 3639 φασι
550 3564 704 3645 γίνεσθαι,
723 3555 796 3625 ὅταν
817 3560 902 3639 ῥῆξις
920 3563 1026 3635 νεφῶν
1040 3558 1176 3640 γίνηται·
1197 3563 1252 3643 τῆς
1266 3556 1323 3644 Ρᾶρ
1337 3583 1397 3620 πα·
1505 3611 1509 3618 .

300 3661 477 3745 ρακεαμὲνης
498 3656 602 3737 αὐτοῖς
623 3656 756 3743 γεώδους
777 3656 882 3733 calciae
903 3660 1090 3740 ἐξαφθείσης
1109 3684 1137 3724 κ.
1151 3683 1178 3723 τ.
1191 3666 1237 3738 h,
1265 3660 1346 3743 quod
1364 3662 1395 3717 ia

300 3789 332 3849 p.
351 3767 392 3832 53
420 3762 558 3824 editionis
578 3762 734 3822 Schowius
755 3782 826 3820 sune
846 3763 963 3836 retulit,
988 3773 1164 3842 excerptum
1186 3784 1251 3822 esse
1277 3782 1335 3819 nou
1356 3773 1405 3817 ex*

300 3872 398 3949 primu
423 3864 478 3927 sed
500 3888 516 3925 e
539 3874 690 3945 postrema
711 3865 808 3922 libelli
830 3875 931 3944 parte,
953 3866 1005 3923 ubi
1022 3867 1170 3924 breviator
1184 3867 1266 3945 prior
1280 3883 1397 3943 anony-

300 3992 369 4031 mus
384 3969 474 4029 habet
492 3966 553 4051 (ed.
568 3964 686 4025 Schow.
700 3975 777 4044 part.
793 3963 813 4029 4
828 3987 924 4025 mens.
937 3968 1095 4025 Decemhr.
1108 3987 1133 4025 c.
1150 3970 1171 4029 2
1185 3987 1216 4045 Ρ.
1231 3964 1306 4041 127)
1328 3960 1400 4037 τούς

301 4069 471 4154 κεραυνοῦς
490 4072 522 4135 oi
537 4063 700 4150 φιλόσοφοί
717 4087 794 4146 φασι
808 4067 966 4149 γενέσθαι,
989 4063 1062 4132 ὅταν
1082 4069 1169 4148 ῥῆξις
1190 4069 1293 4143 νεφῶν
1311 4064 1400 4148 γένη·
1425 4125 1427 4134 ,
1549 4103 1550 4120 t

302 4191 366 4238 ται·
388 4178 442 4255 τῆς
462 4169 520 4254 γαρ
542 4167 761 4254 παρακειμένης
781 4164 886 4246 αὐτοῖς
904 4194 932 4234 st.
946 4196 971 4233 τ.
986 4175 1011 4232 λ.
1055 4188 1174 4248 exque
1196 4178 1319 4245 apparet
1339 4188 1400 4227 non

304 4277 484 4335 continuisse
506 4276 621 4333 sesain
643 4270 832 4354 excerpendo
854 4274 1000 4353 principio
1021 4271 1117 4328 libelli
1135 4267 1320 4344 monadem,
1346 4268 1401 4328 sod

304 4377 345 4437 ntl
364 4378 465 4438 media
484 4394 605 4459 quoque
626 4377 676 4436 vel
697 4374 736 4435 ad
757 4386 892 4435 extrema
910 4377 1008 4457 potius
1026 4372 1221 4455 processisse,
1244 4373 1288 4432 sic
1300 4381 1400 4431 tamen
