3125 4959
235 425 310 497 390
515 409 625 491 uisu
645 423 1045 490 smumvnnsronas

235 602 318 651 atain
336 591 498 648 αιιαιηέίιο
517 610 582 647 rem
602 590 719 649 crimini
736 587 838 648 datam
850 589 944 648 fatere
959 610 1024 650 essa
1038 589 1168 664 malam,
1190 587 1243 647 sed
1255 609 1329 668 pur-

237 697 291 755 gas
307 688 336 734 te
351 677 410 734 alia
422 678 553 749 ratione,
576 694 653 755 quae
664 686 763 754 potest
774 695 841 733 esse
856 674 1054 755 quadruplex.
1097 677 1194 753 prima
1209 685 1255 733 est
1276 674 1328 751 (de

233 763 331 820 tribus
344 763 411 820 aliis
425 762 497 818 alibi
509 758 629 819 dicendi
644 763 700 820 erit
714 758 813 838 locus)
835 779 889 838 per
904 761 1184 830 recrr'minau'onem,
1205 759 1258 817 ubi
1275 758 1331 817 de-

235 847 333 905 fensio
355 858 405 904 tua
427 855 540 904 constat
560 848 624 904 eius
646 848 833 904 accusatione
849 847 900 925 qui
914 842 1090 905 vindicatur.
1133 843 1331 926 quemadmo-

235 929 311 990 dum
331 934 372 990 Μ,
386 932 506 989 Tullius
527 950 581 1010 pro
601 933 715 989 Milone
731 951 831 1012 neque
850 941 940 1010 negat
953 933 1083 990 occisum
1100 950 1165 988 esse
1181 928 1330 1004 Clodium,

236 1035 335 1096 neque
349 1018 471 1075 omuino
486 1029 609 1075 excusat
622 1014 836 1090 homicidium,
858 1014 910 1074 sed
924 1026 1046 1095 propter
1061 1017 1173 1075 scelera
1190 1013 1288 1073 Clodii
1302 1024 1332 1072 et

236 1101 362 1160 insidias
380 1111 410 1159 et
426 1104 489 1158 vim
506 1103 622 1159 illatam
635 1099 717 1159 huno
737 1105 778 1160 ait
796 1103 861 1158 iure
879 1121 1008 1161 caesum.
1051 1101 1247 1181 quamobrem
1263 1119 1332 1158 ver-

237 1196 300 1244 tere
314 1184 464 1244 debuisset
474 1189 634 1246 Kusterus:
655 1179 911 1268 Ἀντιγιιλημοὶτοιν
927 1184 1334 1266 (reeriminationum)‚·q1me

233 1273 386 1349 pertinent
404 1271 449 1328 ad
465 1282 562 1329 etatae
581 1272 738 1351 qualitatis
758 1273 954 1344 aerumnam
986 1270 1078 1351 idque
1103 1270 1213 1329 addere
1235 1271 1333 1349 possis

237 1360 285 1418 lo.
303 1356 411 1414 Christ.
434 1358 553 1415 Ernesti
572 1359 686 1415 Lexico
707 1354 879 1434 technolog.
895 1357 998 1417 Graec.
1014 1355 1125 1416 rhetor.
1143 1361 1182 1420 27
1198 1358 1234 1412 B.
1276 1374 1333 1412 nec

237 1443 335 1517 magis
355 1440 430 1499 vidit
448 1439 607 1498 Federicus
622 1441 764 1499 Metellus
779 1439 854 1521 quid
871 1452 949 1500 esset
962 1435 1138 1520 α’νιίληψιςε
1161 1437 1235 1497 haec
1252 1442 1334 1497 enim

238 1526 272 1583 iu
284 1526 411 1582 libanio
427 1526 562 1583 Declam.
575 1524 613 1582 de
625 1544 714 1583 avaro
726 1535 803 1603 patr.
820 1524 968 1586 abdicant.
985 1532 999 1590 1
1024 1530 1083 1592 801
1098 1529 1141 1598 Α,
1162 1523 1184 1604 ἡ
1198 1519 1299 1596 στάσις
1312 1518 1335 1603 ἢ

239 1603 353 1688 ζήτημα
377 1605 555 1688 οἶντ11ηψις,
584 1620 681 1668 aratra
703 1610 753 1668 vel
776 1613 908 1689 quaestio
931 1623 974 1670 est
993 1611 1151 1691 qualitatis
1168 1609 1335 1677 absolutae,

238 1698 327 1752 verrit
348 1694 489 1770 ridicule,
511 1697 644 1773 quaerito
659 1696 947 1771 eatreprelrenaiona'e
960 1717 1052 1767 anea,
1073 1696 1184 1755 oblitus
1208 1697 1336 1751 Hermo-

238 1782 324 1858 genis
351 1790 485 1838 accurate
508 1782 687 1857 explicantis
709 1777 876 1838 doctrinam
894 1781 931 1837 de
948 1783 1072 1839 statibus
1086 1781 1238 1853 oratoriis,
1260 1774 1336 1858 q'uue

238 1863 349 1940 magno
363 1874 516 1922 momento
532 1873 577 1922 est
592 1861 631 1920 ad
643 1859 827 1924 iudicialem.
833 1875 969 1923 veterum
989 1862 1235 1923 consuetudinem
1250 1865 1337 1942 peni-

239 1958 288 2006 tus
305 1946 552 2025 cognoscendam.
594 1945 648 2007 sed
661 1947 751 2006 redeo
766 1948 806 2007 ad
820 1948 958 2030 Lydum,
980 1951 1034 2032 qui
1046 1947 1097 2008 hic
1110 1951 1258 2028 expressit
1271 1951 1337 2007 Pli-

238 2035 325 2090 nium
338 2035 377 2090 H.
390 2036 426 2090 N.
441 2037 462 2095 2
483 2036 534 2095 81.

324 2153 354 2212 Ρ.
369 2135 430 2197 278
445 2154 474 2192 v.
489 2139 519 2196 1.
561 2135 622 2194 τοῖν
640 2126 767 2195 inritam
786 2129 945 2216 ἄντικρυς]
966 2136 1008 2192 ita
1025 2132 1108 2193 cod.:
1130 2133 1183 2194 sed
1197 2136 1257 2211 leg.
1273 2137 1338 2193 for-

237 2228 335 2294 tasse,
359 2223 471 2281 Γναίου
486 2219 631 2296 Δομιτίου
652 2217 702 2278 aul
720 2223 752 2282 Γ.
773 2221 909 2282 Φαννίου
921 2223 986 2282 ,τῶν
1001 2216 1143 2283 υἰιᾶτων·
1165 2214 1210 2283 δι’
1224 2214 1267 2281 olv
1283 2217 1339 2282 riv-

238 2321 356 2453 ·pqptqqp·
377 2307 419 2362 ita
433 2313 511 2375 certe
523 2305 608 2363 verti.
641 2304 719 2362 conf.
734 2306 813 2363 Plin.
830 2308 869 2364 ll.
882 2309 955 2368 N.2
976 2311 1035 2383 81,
1057 2316 1087 2365 et
1105 2306 1216 2365 lulium
1228 2308 1338 2386 Obseq.

238 2570 302 2638 Ὲλὲ
325 2510 357 2569 Ρ.
385 2491 448 2553 279
475 2507 508 2548 vs
535 2485 566 2553 1.
608 2484 667 2574 τήν
693 2487 881 2573 λεγομένην]
917 2490 1057 2566 fortasse,
1093 2485 1151 2572 τήν
1177 2488 1341 2572 λεγομίνην
1369 2520 1372 2526 ·

303 2599 370 2734 vii.
387 2697 417 2734 v.
435 2681 483 2741 11.
525 2676 577 2741 eal
594 2682 656 2751 τοῖς
670 2669 727 2739 riu'
745 2670 876 2753 αὐτούς]
898 2676 1029 2732 Graecae
1051 2673 1172 2750 linguae
1192 2675 1267 2734 ratic
1287 2695 1340 2732 ae-

243 2778 303 2840 que
319 2759 448 2819 admittit
464 2757 521 2824 airr’
538 2758 655 2834 ου’τοῖς·
677 2763 776 2839 recepi
791 2759 883 2834 illud,
902 2760 1080 2840 obsequens
1094 2757 1255 2840 inopinate.

329 2861 370 2918 ib.
385 2883 414 2920 v.
431 2862 478 2926 14.
522 2862 555 2924 ἕν
565 2859 662 2946 Ἀλβη
681 2858 738 2942 τήν
752 2856 902 2943 μητρυιάν
919 2861 976 2942 ..]
998 2862 1113 2942 reliqua
1128 2883 1230 2921 versus
1244 2863 1341 2920 maio-

243 2967 367 3028 remque
388 2959 505 3026 partem
526 2951 679 3028 sequentis
701 2946 856 3026 supersedi
875 2943 1046 3021 restituere,
1068 2949 1206 3025 quamvis
1222 2946 1342 3004 adiutus

243 3030 310 3107 his,
338 3035 424 3091 litera
447 3035 559 3092 uucIali
583 3036 699 3091 minuta
722 3036 754 3090 in
777 3035 930 3112 margine,
957 3035 1054 3110 prima
1073 3049 1181 3106 manu,
1207 3033 1341 3110 scriptis:

241 3111 398 3188 Ἀσκάνιος
414 3123 451 3198 τῇ
469 3123 598 3200 μητρυιᾷ
614 3121 767 3195 συνῆλθεν
785 3119 828 3190 εἰς
844 3121 1018 3178 κοινωνίαν.

329 3215 470 3280 iba-22·
503 3215 686 3294 οιοκωθε1ς.]
705 3219 748 3274 sic
763 3214 875 3289 codex3
897 3235 995 3295 neque
1008 3235 1130 3275 necesse
1146 3227 1191 3276 est
1208 3214 1341 3297 (opinor)

247 3309 282 3359 ut
297 3301 459 3359 scribamus
476 3297 663 3379 δισκοειδης,
688 3304 808 3360 tametsi
825 3301 949 3359 verbum
963 3295 1073 3364 διοκόω
1090 3301 1189 3360 adhuc
1205 3304 1307 3359 exulet
1322 3322 1342 3360 a

246 3385 363 3444 lexicis.
408 3386 514 3448 διονὲω
537 3396 568 3445 et
590 3380 720 3447 trrnw'o
740 3389 860 3466 saepius
879 3398 1050 3462 occurrunt,
1082 3396 1171 3467 atque
1191 3387 1342 3445 interdum

182 3479 188 3486 '
247 3491 336 3531 seusu
351 3475 543 3552 exquisitiore
560 3468 597 3529 de
610 3473 648 3529 iis
666 3473 717 3552 qui
731 3475 820 3530 rotati
841 3467 1122 3552 (οφενδονοῦμεναι
1136 3470 1226 3531 habet
1238 3471 1341 3552 Lydus

246 3576 279 3635 Ρ.
289 3555 350 3618 114
370 3557 429 3635 15)
451 3561 482 3614 in
497 3559 591 3616 altum
602 3560 756 3615 iactantur.
801 3560 844 3615 sio
858 3558 1006 3614 Eusebius
1019 3559 1094 3615 Hist.
1109 3559 1215 3616 eccles.
1230 3560 1341 3621 tarn:

248 3639 301 3701 καὶ
328 3641 526 3706 διονουθὲντα
556 3646 657 3714 κακῶς
683 3646 867 3719 τελευτῆσαι.
908 3643 1056 3719 Diogenes
1079 3645 1215 3702 Laertius
1234 3649 1274 3706 31
1296 3645 1341 3700 D:

249 3718 310 3787 riri
321 3731 376 3788 τοῦ
391 3728 567 3807 Κωρυκείου
581 3723 671 3807 ὅρους
685 3718 780 3788 utitor
795 3727 941 3803 δισκῆσαι.
982 3725 1059 3785 adde
1073 3731 1237 3786 Eusebium
1250 3731 1343 3784 Prae-

247 3819 342 3889 parat.
360 3832 465 3891 evang.
479 3815 542 3876 268
554 3813 586 3870 C.
631 3808 685 3869 sed
705 3808 763 3867 hae
785 3807 861 3868 dnae
880 3810 994 3870 formae
1015 3813 1193 3892 iampridem
1208 3822 1343 3889 receptae

250 3905 320 3953 sunt
330 3897 362 3950 in
375 3897 488 3955 lexico:
512 3917 547 3956 eo
559 3894 695 3954 nondum
709 3896 817 3953 relatas
833 3897 958 3956 arbitmr
971 3910 1000 3956 et
1015 3893 1240 3971 οἷνιιδίοκοιοις,
1262 3893 1344 3974 quod

208 4011 211 4016 ·
250 3989 296 4036 est
309 3998 397 4057 supra
408 4002 437 4058 p.
449 3986 509 4046 277
528 3982 577 4052 15,
596 3991 625 4038 et
639 3999 744 4039 vocem
758 3978 999 4065 διοκοιιοιήριον,
1013 3985 1094 4042 aaliz
1103 3983 1242 4062 pausare,
1266 3999 1342 4060 quae

251 4067 378 4124 occurrit
390 4067 457 4123 Vita
472 4067 504 4124 S.
518 4069 580 4124 Nili
590 4068 714 4132 iunioris
734 4064 794 4128 llo
805 4068 843 4124 A.

332 4169 363 4229 Ρ.
381 4152 444 4216 280
461 4170 490 4208 v·
505 4153 534 4212 6.
577 4145 757 4228 auriumve
782 4149 900 4215 ἐκείνου
914 4155 971 4215 τοῦ
986 4145 1141 4230 σώματος]
1166 4151 1267 4206 confer
1281 4151 1341 4208 Va-

248 4235 357 4295 lerium
372 4237 496 4293 Maxim.
515 4239 529 4296 1
552 4236 593 4300 43
607 4238 632 4293 Β
648 4235 789 4294 editionis
803 4257 916 4312 meses
927 4241 1059 4318 itemque
1071 4232 1290 4313 Lycostlrenem
1304 4232 1342 4293 ad

248 4324 305 4380 lul.
321 4321 502 4400 Obsequent.
515 4322 576 4384 267
587 4323 620 4378 0.

330 4426 362 4484 p·
374 4409 436 4470 281
450 4426 480 4465 v.
492 4407 523 4469 9.
565 4398 782 4489 Ἀναξαγόρας]
803 4404 956 4466 Plutarch.
968 4401 1116 4487 Lysandr.
1133 4403 1194 4469 439
1209 4407 1246 4463 D.
