3125 4959
530 424 577 490 nt
603 424 764 491 LIBRUM
788 425 845 490 DE
871 425 1086 495 OSTENTIS.
1274 430 1346 502 389

256 584 309 643 ssd
332 588 475 646 feminino
498 607 605 665 genere
625 589 722 647 risum
737 601 781 649 est
796 591 923 651 scribere
939 593 1127 672 διοσημειῶν.
1170 595 1346 676 διοσημείας

254 681 300 728 est
319 673 398 750 opud
412 675 576 731 Eusebium
594 678 762 752 Praeparat.
780 695 885 754 eveng-
900 681 962 741 207
978 679 1010 736 G.
1054 679 1111 736 slis
1128 678 1242 753 forma,
1263 682 1346 739 lexi-

255 757 298 813 cis
322 761 431 816 nostris
453 760 603 836 incognite
625 762 757 840 itemque
782 762 946 838 feminina,
968 763 1166 843 διοσημασία,
1187 763 1344 825 adhibetur

253 841 331 897 infru
344 861 375 919 Ρ.
388 841 450 904 313
473 844 522 904 13.

337 946 368 1003 Ρ.
382 929 444 988 273
458 946 488 983 v·
506 932 535 988 1.
664 928 746 992 socri
764 924 921 1009 πράττειν]
943 933 1002 990 nisi
1021 928 1117 1004 dicus,
1139 954 1193 993 του
1209 952 1275 990 esse
1288 951 1344 1011 ge-

252 1010 378 1094 nitivum
400 1013 482 1068 vocis
503 1010 723 1090 praecedentis,
753 1013 892 1074 adiuncto
913 1038 959 1089 τι,
981 1019 1156 1094 pronomine
1176 1014 1343 1076 indefinito.

252 1095 339 1150 retuli
351 1092 389 1150 ad
403 1114 437 1150 et
453 1114 528 1174 quae
549 1107 618 1154 sunt
639 1118 671 1175 Ρ.
685 1099 749 1162 388
772 1104 810 1163 17
834 1097 867 1162 ri
880 1097 1046 1180 ἐπάγγελμα
1060 1100 1143 1164 ronti
1157 1098 1343 1181 προύθηκεν.

252 1176 391 1236 ridentur
404 1191 503 1237 eutem
517 1179 619 1240 deesse
631 1179 681 1240 hic
694 1202 788 1262 peuce
802 1184 839 1242 ub
854 1187 941 1242 initio
956 1187 1064 1264 operis,
1085 1187 1168 1244 velet
1180 1197 1242 1244 tres
1254 1196 1342 1266 quet-

249 1272 352 1320 tuorre
370 1280 482 1323 versus.

332 1367 363 1425 p·
384 1347 447 1412 274
471 1369 499 1408 v.
521 1352 558 1413 11
579 1351 651 1408 iura.
693 1354 881 1431 superemus]
911 1355 977 1428 rel,
999 1354 1026 1411 si
1045 1355 1160 1428 maris,
1181 1354 1343 1432 superserit,

248 1449 361 1510 nempe·
371 1436 510 1510 cognitio.

330 1516 372 1574 ib.
401 1538 430 1575 r.
456 1523 509 1581 21.
550 1517 601 1578 καὶ
624 1513 819 1599 hostiurm]
841 1523 896 1604 'sio
915 1518 1026 1580 codex:
1058 1519 1113 1582 sed
1136 1519 1206 1580 vide
1226 1521 1343 1580 Harles.

247 1600 326 1657 Bibl.
343 1605 475 1677 graec.4
500 1603 609 1664 1638.

331 1685 372 1742 ib.
397 1683 533 1762 Δαψόςὸ
541 1690 673 1766 Θηβαῖος
682 1686 707 1766 Ἴ
722 1689 820 1746 locum
829 1689 953 1747 lacunae
962 1691 1247 1768 sIgnis-noturimuss
1259 1687 1341 1768 quod

246 1768 365 1828 videtur
382 1770 484 1829 deesse
502 1791 611 1829 nornen
626 1776 780 1851 proprium
795 1777 926 1853 qrrinque
949 1786 999 1833 sut
1020 1795 1075 1832 sex
1095 1776 1257 1832 literarum.
1301 1771 1340 1830 de

246 1856 347 1928 Polie,
369 1859 421 1935 qui
436 1855 575 1935 deinceps
588 1860 735 1937 sequitur,
759 1860 882 1938 eiusque
896 1862 1029 1938 scriptis,
1053 1862 1114 1939 ugit
1126 1858 1260 1917 Endociu
1273 1858 1339 1917 Vil-

245 1939 364 1998 }oisonii
377 1940 438 2004 364
451 1943 486 1998 Β.
684 1953 688 1960 ·

328 2046 358 2103 Ρ.
375 2024 437 2088 275
454 2046 482 2083 r.
497 2025 527 2089 5.
570 2027 655 2102 σαφῆ
672 2067 762 2083 .......
772 2023 786 2104 ]
818 2024 925 2084 desunt
949 2036 1088 2106 quattuor
1110 2029 1225 2084 circiter
1249 2044 1340 2084 voco·

243 2108 333 2181 bule,
356 2128 433 2188 quse
457 2111 596 2189 supplere
617 2129 678 2168 nou
700 2107 807 2168 audeo.
849 2114 1058 2190 irrterpretutus
1079 2131 1147 2170 euru
1163 2109 1286 2190 perinde
1303 2129 1339 2166 ac

244 2193 277 2262 siv
289 2193 468 2266 excidisset,
490 2193 666 2272 χρησόμεθα
683 2191 716 2255 δὲ
732 2195 783 2254 καὶ
800 2200 873 2267 τοῖς.

327 2275 367 2332 ι’ὂ.
391 2281 489 2341 v·10·
532 2274 613 2355 nupsi
634 2275 668 2337 τὸ
689 2277 838 2355 κρατοῦν]
868 2279 963 2351 verti,
995 2282 1080 2335 iuxta
1102 2295 1235 2336 morem:
1268 2276 1337 2334 ride

244 2379 273 2437 Ρ.
283 2362 343 2421 276
367 2362 386 2420 6
402 2357 484 2436 παραὶ
498 2356 549 2422 τὸν
565 2356 712 2438 ἱερατικὸν
722 2403 744 2417 ..
754 2357 868 2440 νόμον.
881 2372 910 2419 et
928 2363 988 2426 117
1007 2367 1037 2426 2.
1066 2374 1167 2420 tamen
1181 2360 1259 2440 apud
1274 2364 1338 2441 Ly·

216 2474 218 2481 ·
244 2442 317 2501 dnm
331 2443 369 2500 de
380 2447 513 2523 magistr.
521 2446 620 2524 Ρ.256
642 2449 662 2506 8
677 2441 758 2525 stupui
770 2442 828 2524 τήν
841 2445 985 2526 βασιλέως
1000 2441 1154 2526 εὖμέαειαν
1164 2459 1218 2521 est,
1235 2458 1337 2504 contra

243 2527 429 2607 imperatoris
451 2531 706 2603 benevolentiam,
733 2541 766 2587 ut
786 2541 864 2588 recte
884 2529 1013 2587 reddidit
1035 2535 1080 2586 vir·
1102 2533 1139 2587 ci.
1161 2533 1336 2588 Dominicus

243 2616 335 2687 Fuss,
356 2616 476 2691 linguae
498 2618 652 2693 utriusque
671 2617 883 2692 peritissimus:
905 2616 1148 2694 τ111111αΡ.338
1166 2618 1186 2678 8
1207 2610 1290 2696 παρὰ
1305 2610 1338 2676 sd

243 2703 372 2779 κρατοῦν
387 2697 505 2756 ridetur
519 2719 583 2755 esse
596 2709 717 2775 praeter·
732 2700 901 2776 imperinm.

327 2780 368 2838 ib.
385 2803 420 2840 α.
443 2787 492 2846 11.
539 2777 660 2861 Τᾶρχων
682 2778 811 2868 (ταύτῃῙ
845 2779 944 2842 codex
964 2800 1092 2864 ταυτησ,
1123 2779 1178 2842 sed
1201 2789 1335 2840 extrema

243 2867 329 2925 litera
340 2885 432 2924 menn
442 2869 538 2946 primu
550 2877 710 2944 expuncta.

326 2953 356 3030 p'.
372 2955 435 3015 276
450 2974 478 3010 r.
494 2957 544 3017 22.
588 2949 759 3030 Βτκελλίοα]
780 2952 812 3008 in
835 2949 900 3009 cod.
923 2960 967 3010 est
986 2950 1149 3031 βεκελλιοα.
1191 2947 1245 3008 sed
1264 2947 1333 3008 ride

242 3037 319 3094 infru
335 3036 373 3094 sd
386 3057 417 3116 p.
427 3037 494 3101 350
514 3037 564 3099 18.

326 3121 368 3178 ih.
392 3143 421 3181 v.
441 3125 492 3184 23.
535 3127 628 3182 ταῦτα
648 3117 722 3197 πρὸς
742 3116 1003 3199 intensione]
1024 3117 1104 3178 unde
1125 3129 1208 3198 patet
1227 3119 1333 3176 inscri-

241 3208 336 3284 psisse
352 3208 439 3265 alicui
452 3203 571 3283 irydnrn
587 3205 665 3262 hunc
678 3207 824 3262 libellum.
848 3207 905 3278 cui,
919 3225 980 3262 uon
992 3202 1087 3262 habeo
1102 3203 1215 3262 dicere:
1234 3214 1331 3281 putes,

242 3291 279 3347 ob
293 3309 451 3349 numerum
463 3292 621 3368 pluralem,
634 3292 699 3369 puri
712 3291 837 3346 fratrum
851 3300 902 3346 sut
916 3291 1085 3367 coniugum.
1116 3307 1242 3369 quorum
1256 3290 1331 3346 ulter

241 3375 365 3434 fortasse
381 3379 439 3434 fuit
453 3377 574 3434 Gabriel
590 3376 755 3454 praefectus
770 3376 840 3446 illo,
862 3373 900 3431 de
917 3394 976 3454 qno
990 3373 1098 3432 Snidas
1114 3379 1134 3436 2
1157 3375 1215 3437 181
1230 3373 1267 3430 D.

323 3479 354 3538 p·
368 3464 431 3524 277
442 3481 472 3518 v·
488 3464 518 3522 1.
557 3455 583 3522 δ’
585 3508 593 3522 .
614 3455 741 3538 Σποαὸἢ
753 3456 786 3521 δὲ
796 3456 888 3538 ἡμῖν]
909 3459 1083 3516 lacunarum
1097 3477 1165 3516 cum
1178 3455 1266 3515 huius
1279 3475 1330 3512 cn·
1370 3492 1374 3498 -

241 3545 311 3623 pitis
325 3554 390 3601 turn
402 3547 591 3622 sequentium
608 3548 717 3623 partim
730 3546 896 3603 coniectura
911 3545 1066 3622 supplevi,
1087 3545 1195 3621 purtim
1209 3561 1253 3614 ex¹
1263 3541 1329 3597 Pli-

241 3631 308 3703 nio‚
336 3628 479 3707 Apuleio,
507 3631 631 3689 Seneca.
674 3626 894 3709 eorundemque
923 3629 1029 3703 verba,
1062 3625 1161 3709 quoad
1174 3627 1244 3684 eius
1265 3625 1329 3682 fieri

241 3715 354 3792 potuit,
374 3712 518 3772 vertendo
533 3715 678 3794 expressi.

325 3798 367 3856 ih.
389 3818 419 3856 r.
441 3796 493 3860 16.
535 3794 766 3879 σ’ντιόίσκωστν]
795 3795 882 3856 ditari
906 3805 1030 3876 possunt
1050 3793 1106 3852 luc
1126 3789 1199 3867 r'oce
1219 3793 1328 3867 lexico,

241 3884 373 3964 itemque
397 3880 541 3941 adiectivo
568 3883 667 3943 eidem
688 3884 899 3963 praepositioni
918 3884 1032 3952 iuncto²
1062 3873 1265 3952 ἆντιθετικός,
1288 3897 1329 3936 ex

241 3967 366 4031 Snidc1
388 3971 449 4032 219
462 3969 487 4024 Β
502 3987 574 4026 voce
587 3961 847 4052 Ἀντεγκλήμαστνε
868 3968 920 4025 ubi
933 3969 1005 4043 legit
1021 3967 1172 4039 Kusterus‚
1188 3962 1239 4025 καὶ
1255 3956 1327 4024 civr-

241 4047 449 4132 εγκλημᾶτων,
468 4055 530 4114 ταῖν
548 4046 721 4116 «intersticio
743 4053 820 4131 [sic]
843 4045 990 4124 στάσεων,
1021 4047 1113 4128 idque
1131 4052 1235 4121 vertit,
1269 4050 1328 4104 eri-

241 4137 357 4195 minum
371 4159 449 4216 quae
462 4138 612 4216 litigantes
625 4138 684 4196 sibi
696 4141 729 4195 in
741 4139 852 4196 iudicio
866 4138 991 4194 invicem
1006 4132 1163 4203 obiiciunt,
1184 4153 1244 4192 non
1262 4153 1329 4191 rne-

241 4239 307 4276 mor
324 4220 444 4297 στάσεις
461 4216 649 4295 dresdensis*
669 4243 734 4281 esse
751 4221 833 4303 qnod
852 4220 982 4281 rhetores
999 4221 1099 4277 Latini
1113 4227 1218 4277 vocent
1234 4228 1329 4275 status·

242 4304 399 4382 qualitatis
414 4311 603 4378 assumtivos,
624 4319 834 4387 opponuntque
856 4306 948 4364 statui
964 4301 1100 4362 absoluto
1120 4297 1327 4381 (ἀντιλήψει).

243 4394 299 4449 isto
316 4410 425 4469 nempe
439 4413 502 4451 reru
517 4394 571 4451 tibi
587 4393 733 4450 obiectam
746 4395 855 4451 iustirn
869 4408 1056 4472 aequumque
1074 4387 1227 4449 contendis
1244 4387 1327 4446 esse:
