3125 4959
254 436 328 509 238
650 434 819 506 IOANNIS
850 438 952 507 LYDl

245 606 411 697 χημάτιον·
428 604 471 687 ὥς
484 603 578 675 abab
590 608 711 693 ίκεῖνον,
725 610 778 678 adr
789 612 919 695 βασιλέα
932 611 1020 699 λίγα,
1033 620 1098 691 τοῖς
1113 613 1231 692 οἰκείοις
1242 623 1346 694 κακοῖς

249 709 472 801 ταραττόμενον
492 710 650 796 μὴμόνον
671 715 727 799 τὴν
751 714 846 799 αὐλὴν
869 704 1040 797 ἀπολιπεῖν,
1066 715 1236 805 φασμάτων
1252 717 1345 783 αάτδν

251 817 353 904 ὥσπερ
365 816 510 902 Ὀρέστην
523 813 673 903 ἀνανδρον
684 816 887 902 ἐνοχλούντων
900 816 1029 908 ἱτίρωθι
1045 822 1224 887 διαιτᾶσθαι
1231 868 1241 899 ,
1265 820 1344 886 ἀλλά

251 922 302 986 καὶ
323 918 418 1003 αὐτὴν
442 919 476 983 δι’
495 917 551 1003 τὴν
570 917 744 1008 πάγχρυσον
756 920 912 987 ἀπολιπεῖν
929 924 1159 1007 διασκίψασθαι
1174 924 1283 988 ἀπολεῖ
1294 925 1345 988 καὶ

252 1020 296 1100 εἷς
307 1019 449 1106 τοιαύτην
459 1024 618 1102 βασιλείαν
633 1026 832 1108 μετατρέψαι,
852 1029 879 1091 εί
892 1027 937 1110 μὴ
953 1026 1027 1105 θεὸς
1041 1026 1135 1092 τοῦδ’
1151 1025 1169 1091 ὃ
1182 1028 1292 1091 δέδωκε
1308 1031 1370 1112 τῇδ

249 1124 336 1191 πόλει
353 1121 518 1190 διεσώσατο
535 1124 655 1211 κράτος.
707 1122 786 1212 (45)
806 1130 960 1195 καῖΛίων
973 1131 1029 1213 μέν
1041 1138 1113 1195 ποτε
1129 1127 1346 1213 ἀπηλλάττετο,

249 1225 269 1314 ἦ
289 1230 322 1294 δὲ
339 1228 417 1312 ἀρχὴ
434 1236 497 1303 τοῖς
513 1228 626 1295 ἐκείνου
649 1235 873 1313 κατακλυσμοῖς
894 1234 1070 1315 ε’βυθίζετο,
1102 1231 1246 1315 Ζήνωνος
1259 1231 1347 1297 ἔνθεν

248 1331 285 1398 τδ
298 1336 354 1397 τού
367 1331 516 1414 κηδεστοῦ
531 1329 643 1418 κράτος
655 1329 880 1411 insectatum.
932 1335 1029 1412 δειλδς
1044 1337 1077 1400 δὲ
1092 1326 1144 1417 ἦν,
1178 1336 1346 1417 μᾶλλονδὲ

164 1468 165 1472 ’
249 1437 397 1514 δείλαιος,
423 1436 473 1498 καλ
488 1433 561 1512 τούς
577 1436 726 1518 πολέμους
739 1436 971 1524 ἀπηργυρίζετο,
995 1440 1074 1522 μηδὲ
1089 1439 1121 1502 ἓν
1136 1436 1229 1503 εἰκάσι
1243 1434 1347 1521 μάχην
1414 1478 1418 1484 -

246 1534 406 1620 ύπομίναν
420 1532 506 1623 δρῶν,
527 1539 577 1603 καὶ
591 1537 724 1605 moulon
737 1538 789 1605 τὸν
801 1539 939 1627 ὕπαρχον
947 1545 1066 1629 χρυσίῳ
1080 1547 1183 1628 πολλῶ
1195 1540 1249 1624 τὴν
1263 1538 1388 1627 sipi-10

245 1666 301 1723 νην
316 1639 471 1719 (ἀνεῖσθαι,
498 1640 590 1718 αὐτὸς
603 1644 671 1728 περὶ
688 1640 847 1726 δημεύσεις
864 1647 915 1709 καὶ
934 1643 1064 1730 ὄλεθρον
1078 1651 1137 1708 τῶν
1151 1645 1183 1707 lo
1197 1645 1274 1708 τέλει
1293 1650 1347 1726 τῆς

245 1745 396 1820 πολιτείας
418 1743 587 1829 ἀγρυπνῶν.
639 1743 705 1827 ἴσχε
732 1746 766 1810 δὲ
792 1744 876 1829 ὅμως
903 1750 954 1811 καὶ
975 1747 1067 1823 αὖτδς
1087 1747 1223 1811 άναίσιον
1240 1747 1344 1833 πίρας.

246 1843 401 1913 τοσούτων
425 1844 526 1911 κακῶν
548 1848 746 1929 ε’πιχιδίντιον
770 1856 808 1935 τῇ
829 1847 966 1935 πρόσθεν
987 1852 1140 1930 εὐδαίμονι,
1153 1855 1215 1914 τῶν
1231 1849 1344 1934 ἀρχῶν,

245 1946 266 2034 ἥ
288 1947 364 2033 τύχη
384 1948 487 2035 βραχύ
508 1974 538 2015 τι
558 1948 680 2035 γνήσιον
699 1952 733 2016 δὲ
753 1957 872 2036 γελῶσα
891 1954 944 2018 τδν
956 1948 1153 2017 Ἀναστάσιον
1168 1958 1345 2017 θανατῶσιν

246 2052 389 2136 ἀπέστησε
402 2061 466 2128 τοῖς
476 2048 619 2137 ὖπηκδοις
625 2102 636 2133 ,
663 2052 697 2130 ὃς
711 2054 763 2119 διά
775 2054 876 2139 πάσης
889 2047 984 2138 ἦλθεν
999 2050 1073 2120 ὁδοῦ
1086 2054 1142 2139 τὴν
1157 2054 1271 2119 ίνδειαν
1282 2059 1343 2124 τῶνΙ
1353 2064 1386 2121 15

246 2162 353 2222 κοινῶν
370 2156 575 2221 ἀποτίσασδαι
583 2204 593 2233 ,
628 2160 678 2221 καὶ
702 2160 787 2240 δίκην
809 2156 1022 2223 οἰκοδεσπότου
1036 2156 1118 2235 τινδς
1132 2158 1203 2234 τούς
1217 2155 1344 2245 φόρους,

245 2258 313 2323 ὅσοι
328 2256 481 2337 σώζεσθαι
494 2256 643 2337 δύναιντο,
668 2270 736 2335 ταῖς
749 2260 909 2343 ἀληθείαις
922 2271 989 2338 ταῖς
1002 2259 1152 2338 δαπάναις
1164 2258 1345 2348 προσαρμό-

245 2386 313 2439 σας,
338 2362 389 2425 καὶ
403 2362 566 2444 λογισμοὺς
580 2360 685 2448 ἀπῄτει
701 2368 762 2428 τῶν
777 2364 921 2428 δαπανῶν
934 2366 985 2429 καὶ
1001 2366 1125 2441 δικαίως
1135 2365 1264 2440 ἐτίθετο,
1289 2361 1344 2442 τήν

245 2464 392 2550 ἀμετρίαν
407 2462 595 2551 διαφεύγων,
621 2468 678 2548 ούχ
692 2463 793 2551 ῶσπερ
811 2463 829 2529 ὃ
843 2466 952 2552 Νέρων
968 2470 1051 2545 ποτί,
1074 2469 1124 2530 καὶ
1139 2466 1170 2529 εί
1178 2489 1254 2538 τινες
1266 2464 1343 2525 ἐκεῖ·

242 2590 295 2629 νον
310 2564 496 2648 ζηλώσαντες
515 2565 654 2644 δαπάνας
670 2570 726 2648 μὲν
742 2569 892 2651 ἀμέτρους
910 2564 1090 2647 ἐποιήσαντο
1095 2611 1106 2642 ,
1132 2562 1296 2648 λογισμούς
1308 2562 1385 2629 (lim

242 2668 332 2754 μέχρι
345 2665 469 2749 μνήμης
482 2667 502 2750 ἢ
519 2675 622 2749 λαβεῖν
643 2670 720 2753 πρὸς
739 2675 795 2751 τῆς
812 2663 1016 2754 ἓπαρχάτητος
1031 2665 1051 2753 ἢ
1057 2669 1180 2754 πρᾶξαι
1192 2666 1270 2755 πρὸς
1283 2666 1342 2731 od-

311 2942 396 3003 acto
411 2947 446 3001 (l.
510 2944 539 3003 ‘4
552 2940 656 3001 κύλικί
723 2945 876 3015 8κηδετσῦ
892 2948 927 3002 0.
997 2948 1031 3003 10
1041 2946 1165 3016 dodosi.
1236 2944 1271 2998 14
1284 2946 1339 2995 θα·

309 3031 431 3069 caenoso
446 3015 480 3069 C·
602 3019 635 3072 17
649 3017 712 3079 ταῖς
729 3011 934 3086 ἀληθεστάτας
954 3016 1002 3073 b?
1119 3016 1153 3069 19
1169 3007 1220 3080 σύγ
1236 3012 1288 3067 add
1303 3014 1337 3065 1⁴⁸.

240 3270 432 3325 innumerarum
447 3267 636 3336 calamitatum
657 3276 688 3322 ut
703 3267 760 3388 ipse
774 3266 834 3336 ille,
857 3268 1001 3339 imperator
1016 3268 1140 3339 inquam,
1160 3267 1216 3322 suis
1232 3273 1338 3338 pertur-

241 3343 319 3395 batus
335 3339 424 3404 mulis,
448 3356 501 3392 non
516 3339 591 3392 modo
605 3338 664 3391 aula
679 3357 708 3391 re
719 3338 786 3405 ictu,
814 3339 928 3408 spectris
944 3338 1019 3407 qussi
1036 3338 1147 3406 ignavus
1164 3337 1276 3391 Orestes
1290 3355 1337 3390 ex-

240 3410 370 3477 agitatus,
388 3408 452 3460 alibi
467 3406 640 3474 habitaverit,
660 3424 752 3479 rerum
768 3407 852 3475 ipsam
868 3424 973 3489 quoque
986 3425 1091 3461 auream
1108 3407 1241 3461 civitatem
1255 3405 1337 3459 exitio

239 3478 389 3545 relinquere
402 3476 570 3545 cogitaverit,
586 3493 704 3546 unusque
720 3482 817 3528 tantam
835 3475 937 3544 imperii
950 3478 1039 3529 sedem
1054 3477 1204 3544 evortisset,
1222 3476 1249 3528 ui
1261 3477 1335 3541 deus,

241 3547 313 3616 quod
329 3547 403 3598 dedit
419 3546 480 3599 urbi
495 3545 641 3615 imperium,
657 3554 849 3599 conservasset.
883 3546 943 3612 (45)
962 3556 990 3601 et
1003 3546 1060 3599 Leo
1075 3547 1181 3616 quidem
1198 3544 1336 3615 aliquando

241 3632 300 3667 esse
316 3612 409 3666 desiit:
426 3624 455 3667 at
468 3616 635 3683 praefectura
651 3614 789 3668 concitatis
806 3616 839 3666 ab
855 3630 888 3667 eo
905 3614 1119 3669 inundationibus
1136 3618 1271 3669 submersa
1285 3619 1336 3678 est,

239 3684 349 3737 Zenone
365 3683 460 3735 deinde
472 3683 558 3735 soceri
574 3684 709 3753 imperium
726 3691 841 3736 tenente.
876 3691 935 3736 arat
950 3693 1037 3738 autem
1053 3686 1169 3753 timidus,
1186 3701 1234 3737 sau
1248 3680 1337 3752 potius

239 3752 328 3819 miser,
349 3759 377 3803 et
389 3750 457 3803 bella
472 3753 585 3819 pecunia
599 3754 753 3819 redimebat,
773 3770 806 3805 ne
824 3752 852 3803 in
869 3751 1026 3821 imaginibus
1043 3754 1149 3823 quidem
1161 3770 1274 3823 pugnam
1289 3765 1336 3803 su·

239 3822 340 3875 stinens
356 3819 462 3887 uidere,
487 3823 700 3891 praefectumque
717 3821 796 3874 multo
814 3838 878 3874 auro
894 3839 985 3891 pacem
1001 3824 1112 3876 mereari
1128 3824 1255 3891 cogebat,
1276 3818 1335 3887 ipse

240 3890 317 3944 bonis
340 3888 503 3957 publicandis
522 3899 550 3942 et
565 3892 711 3961 principum
732 3891 760 3943 in
781 3908 812 3944 re
836 3889 941 3959 publica
963 3893 1079 3945 virorum
1105 3892 1187 3944 exitio
1208 3891 1334 3942 intentus.

239 3958 332 4013 habuit
348 3974 412 4009 vero
429 3966 456 4010 et
473 3957 531 4026 ipse
546 3960 648 4026 pariter
664 3958 795 4013 infelicem
813 3958 920 4013 exitum.
955 3962 1036 4015 tantis
1054 3960 1127 4013 malis
1143 3962 1277 4013 submerso
1292 3956 1334 4007 fe-

238 4028 284 4081 lici
297 4028 425 4095 quondnm
442 4026 610 4094 magistratu,
634 4031 740 4082 fortuna
756 4026 889 4109 paulisper
906 4029 1011 4098 quidem
1032 4031 1079 4081 sed
1096 4030 1200 4081 sincere
1215 4026 1334 4080 arridens
1363 4027 1370 4048 ¹

238 4094 403 4151 Anastasiou
417 4095 576 4147 moribundis
591 4097 692 4150 civibus
709 4108 876 4167 praeposu1t3
895 4098 940 4167 qui
959 4108 988 4151 ut
997 4098 1118 4167 publicae
1129 4098 1234 4166 inopiae
1245 4094 1334 4146 mede-

238 4175 323 4232 retur,
340 4163 432 4216 nullam
449 4180 501 4215 non
515 4164 575 4216 iniit
591 4166 728 4231 rationem,
746 4177 774 4220 et
787 4184 858 4218 more
871 4167 1067 4236 patrisfamilias
1081 4166 1213 4219 cuiusdam
1226 4163 1334 4226 tributa,

239 4244 338 4302 quanta
352 4232 453 4287 servari
470 4241 608 4301 poteraut,
626 4236 771 4302 sumptibus
791 4253 821 4288 re
839 4236 897 4304 ipsa
912 4238 1116 4301 accommodans,
1134 4236 1248 4288 rationes
1263 4247 1333 4283 sum-

238 4311 330 4370 ptuum
347 4310 374 4355 et
389 4300 511 4367 exigebat
527 4311 556 4354 et
571 4302 640 4354 iuste
653 4305 795 4371 reddebat,
817 4304 980 4357 immodicum
994 4304 1112 4371 fugiens3
1141 4319 1225 4371 neque
1243 4316 1334 4369 quem-

237 4372 375 4424 admodum
388 4372 460 4424 Nero
474 4370 543 4436 olim,
562 4378 589 4422 et
604 4370 628 4421 si
644 4372 689 4438 qui
705 4390 762 4425 enm
781 4373 911 4440 aeumlati,
929 4385 1045 4441 sttiuiptos
1063 4374 1167 4441 quidem
1185 4368 1335 4421 immodicos

237 4439 344 4511 fecere,
370 4439 486 4496 rationes
499 4449 585 4496 autem
605 4439 736 4495 mentione
753 4449 829 4495 tcum
844 4452 891 4497 aut
907 4442 1027 4514 accipere
1046 4461 1063 4497 α
1085 4442 1220 4515 praelecto
1245 4447 1292 4493 eut
1307 4439 1335 4493 ei
