3125 4959
616 426 960 502 COMMENTARIUS.
1282 453 1340 501 xm

242 619 300 707 lyei
318 622 411 689 ίίθον
428 623 485 707 μὲν
502 624 560 709 τόν
580 624 702 712 Νιόβην
708 674 719 709 ,
740 625 782 713 ud
803 627 875 705 νοός
890 625 1000 708 θεοός,
1021 622 1165 694 addixere
1181 629 1339 715 ἐπείσθην,

242 720 315 805 οόόὲ
336 730 395 791 νῦν
414 728 589 829 πείθομαιἸ
605 729 647 807 dc
668 726 756 797 τοῦτ’
777 731 893 814 ἐγένετο
922 731 990 809 [hic
1011 753 1168 813 perperam
1192 734 1339 795 iterantur

240 830 351 906 verba,
370 829 424 893 καὶ
443 824 539 912 κήδεα
556 831 676 914 πέσσει]
699 827 767 898 u’tt'
778 832 842 899 όπό
854 839 915 898 τόν
927 839 1031 899 κακοῖν
1043 840 1105 899 τοῖν
1122 832 1337 916 συμπεσόντων

239 929 292 993 stul
310 936 367 995 τοῦ
385 929 557 1015 συμβάντος
574 932 700 1012 πόθους
718 930 791 1001 mitt
809 942 935 1018 λαλῆσαι
954 936 1107 1018 ὃνναμίνη
1121 934 1197 1019 πρός
1214 932 1336 1017 οόδὲνο,

238 1028 472 1117 προσηγορεύθη
497 1032 549 1101 διό
573 1032 608 1102 τό
629 1035 672 1124 μή
693 1045 809 1119 φωνεῖν
828 1040 926 1114 λίθος.
969 1037 986 1104 ό
1008 1035 1042 1103 di
1061 1034 1168 1113 Λυδός
1181 1019 1275 1118 φησίν
1288 1034 1336 1102 ότι

236 1125 401 1217 Ἀσωνίδης
415 1136 555 1219 ἐρασθείς
568 1134 680 1223 αὐτῆς,
695 1136 739 1221 μή
752 1138 890 1215 πεισθείς
912 1139 988 1220 [leg.
1002 1140 1196 1219 πεισθείσης]
1217 1136 1271 1202 τόν
1289 1136 1337 1203 ol·

238 1259 296 1301 νον
316 1236 488 1321 ἐνέπρησεν.
530 1238 553 1320 ἦ
567 1238 601 1305 di
615 1236 771 1323 φεόγοοσα
786 1239 892 1318 εὔξατο
905 1246 1099 1323 ludouvicus,
1119 1240 1171 1305 καί
1186 1234 1335 1320 iconion.

239 1344 331 1400 istum
349 1340 471 1423 Lydum
483 1343 609 1403 Villciso
621 1344 830 1423 Prolegomen.
845 1343 885 1404 ed
898 1343 986 1404 Iliad.
1000 1366 1031 1425 p.
1044 1365 1120 1404 xnvt
1132 1353 1197 1405 not.
1212 1339 1262 1419 (1)
1277 1361 1336 1401 110·

238 1452 334 1501 strum
354 1454 457 1524 putet,
478 1446 672 1525 probabiliter
691 1468 773 1531 sane.
816 1448 844 1506 is
861 1450 943 1511 eninr
958 1446 1037 1528 Lydi
1048 1449 1151 1522 locus,
1171 1446 1228 1505 etsi
1243 1440 1336 1501 hodie

237 1563 299 1603 non
317 1556 455 1625 superat,
474 1558 576 1606 temen
600 1549 633 1606 iu
654 1548 732 1610 libro
746 1548 784 1609 de
799 1549 953 1609 bleusibus
968 1550 1067 1629 potuit
1083 1569 1165 1624 esse,
1187 1566 1257 1606 cum
1275 1545 1333 1602 uli-

237 1644 401 1725 quudpiam
413 1649 524 1708 Niobes
538 1651 624 1730 cpoli
636 1653 816 1713 collocatum
827 1651 1021 1711 simulacrum
1032 1648 1256 1709 describeretur.
1298 1646 1333 1703 in
1377 1642 1380 1648 ’

235 1743 350 1805 scholia
370 1760 472 1807 eutem
490 1754 706 1813 Villoisoniana
726 1755 774 1812 sao
795 1753 995 1811 recentissime
1019 1750 1138 1807 illatum
1159 1768 1226 1807 esse
1244 1748 1333 1805 illum

236 1850 351 1909 locum:
373 1860 452 1909 certe
473 1860 518 1910 est
539 1862 608 1910 ente
626 1854 780 1913 saeculum
800 1854 857 1930 11,
877 1870 939 1935 quo
959 1852 1049 1912 estis
1069 1848 1167 1912 codex
1180 1847 1244 1913 453
1261 1868 1333 1929 per·

234 1962 345 2011 aratus.

318 2056 430 2114 Verum
444 2070 503 2131 quo
517 2061 652 2131 tempore
664 2054 698 2112 in
711 2050 818 2113 codini
829 2054 1031 2134 Antiquitates
1041 2054 1187 2113 insertum
1198 2051 1238 2111 sit
1249 2046 1329 2131 Lydi
1351 2054 1391 2121 14

234 2173 360 2227 nomen,
381 2152 413 2209 id
435 2152 558 2231 quidem
574 2156 783 2215 multominus
796 2156 1028 2235 potestsrrmari.
1071 2153 1219 2214 babemus
1238 2153 1333 2211 nimi-

235 2276 302 2314 rum
326 2253 401 2312 duos
423 2272 441 2311 a
462 2254 552 2311 variis
572 2255 652 2311 varie
672 2257 868 2335 interpolatos
895 2258 1004 2334 libros,
1034 2256 1088 2338 qui
1111 2253 1184 2313 huic
1205 2253 1330 2330 Codino,

235 2359 363 2416 incertae
384 2356 488 2413 aetatis
508 2350 643 2431 homini,
664 2357 850 2431 tribuuntur,
875 2355 1004 2417 alterum
1025 2357 1064 2418 de
1082 2358 1196 2419 Officiis
1215 2360 1330 2437 palatii,
1346 2376 1374 2430 p.
1393 2375 1461 2414 xxm

234 2460 364 2517 alterum
384 2452 422 2514 de
443 2456 614 2535 Originibus
631 2458 916 2541 antiquitatibusque
932 2460 1046 2539 Cpolis.
1088 2456 1137 2516 his
1152 2460 1185 2515 in
1199 2460 1332 2538 Origini·

233 2563 305 2635 bus,
330 2556 379 2617 ed.
394 2559 535 2617 Lambec.
552 2560 649 2619 Paris.
662 2581 680 2619 e
691 2559 891 2640 typographia
901 2563 977 2639 Reg.
992 2557 1089 2633 1655,
1112 2560 1168 2618 fol.
1188 2579 1220 2638 p·
1241 2563 1280 2622 19
1291 2562 1331 2636 A,

235 2685 266 2721 u.
278 2667 333 2735 36,
354 2663 540 2720 mentionem
557 2659 638 2742 Lydi
657 2661 722 2720 fieri
744 2663 833 2720 multi
854 2673 973 2743 putant.
1014 2663 1047 2720 in
1064 2662 1233 2721 narratione
1249 2661 1330 2721 enim

234 2764 272 2825 de
291 2775 388 2824 statua
407 2782 485 2845 quae
499 2782 587 2821 ruens
601 2765 772 2823 llimerium
786 2762 1000 2825 chartularium
1014 2764 1208 2844 oppresserit,
1231 2761 1330 2822 afferri

234 2870 352 2928 loannis
366 2866 491 2925 alicuius
504 2862 678 2946 philosophi
691 2869 912 2944 auctoritatem,
934 2864 1016 2948 quod
1037 2868 1064 2925 is
1083 2867 1226 2943 scriptum
1242 2866 1329 2924 iure-

233 2971 326 3031 nisset
349 2971 465 3028 ¹clerum
487 2965 639 3047 quendam
660 2964 817 3027 hominem
838 2971 893 3029 sub
914 2968 972 3029 hoc
992 2970 1078 3047 signo
1100 2968 1172 3047 (vel
1195 2987 1250 3046 per
1269 2964 1328 3027 hoc

232 3068 371 3151 signum)
398 3071 458 3128 vita
481 3070 667 3129 functurum:
698 3070 804 3130 iccirco
823 3081 927 3150 poster
946 3068 1151 3149 Philippicum
1169 3070 1328 3129 Caesarem
1348 3101 1350 3107 ·

232 3176 278 3256 (is
290 3174 448 3254 imperavit
461 3190 489 3229 a.
504 3173 569 3236 712
583 3181 613 3232 ei
625 3170 691 3255 sq.)
713 3175 834 3253 signum
849 3171 883 3231 id
896 3170 1003 3232 eodem
1020 3173 1086 3232 loco
1101 3174 1255 3231 interram
1269 3171 1326 3231 de·

232 3275 353 3337 fodisse.
395 3276 507 3333 Graece
537 3276 581 3334 sie
608 3286 670 3335 est:
698 3266 839 3355 Ἰωόννης
857 3273 891 3337 δέ
909 3298 954 3348 τις
973 3267 1143 3353 φιλόσοφός
1161 3292 1257 3355 φησιν
1279 3270 1326 3339 ὅτε

231 3372 319 3463 εὗρεν
342 3374 404 3442 όπό
424 3372 533 3441 τούτου
547 3381 603 3441 τοῦ
615 3378 724 3455 {ordior
740 3377 865 3453 ἔνδοξον
879 3373 976 3459 ἄνδρα
987 3370 1220 3456 τεθνηξόμενον.
1263 3370 1324 3454 ὕφ’

231 3475 270 3545 οὗ
285 3478 464 3556 Φιλιππικὸς
477 3478 495 3545 ό
508 3476 647 3562 βασοίεός
664 3477 912 3562 πληροφορηθεὶς
933 3476 1066 3542 ίπίίευσε
1078 3474 1113 3545 τό
1125 3473 1200 3542 adro*
1213 3474 1324 3552 ζόὸιον

229 3583 264 3649 r’v
284 3578 367 3668 αότῷ
383 3587 428 3666 τῷ
451 3578 534 3667 τόπῳ
556 3586 797 3664 καταχωσθῆοαι.
838 3601 895 3639 uec
909 3577 1095 3652 mehercule,
1118 3581 1203 3639 sisic
1219 3581 1323 3638 locum

230 3689 474 3767 interpretemur,
497 3688 573 3745 sieut
585 3686 709 3745 fortasse
722 3672 897 3766 possimnus,
919 3703 1027 3762 nempe
1041 3680 1191 3739 Codinum
1203 3678 1254 3738 hic
1268 3702 1320 3761 pro

230 3788 398 3848 testimonio
411 3787 544 3867 aliquem
554 3786 677 3847 laudere
690 3787 768 3867 Lydi
783 3789 898 3860 locum,
920 3804 996 3858 nou,
1017 3785 1157 3865 inquam,
1182 3781 1259 3841 illud
1271 3803 1321 3841 me

229 3901 345 3966 movet,
367 3887 448 3971 quod
465 3891 497 3947 iu
517 3890 722 3969 superstitibus
743 3886 835 3946 hodie
857 3886 933 3968 Lydi
956 3886 1074 3967 scriptis
1100 3907 1135 3944 ea
1157 3885 1320 3965 praedictio

228 4011 378 4073 nusquam
394 3993 513 4071 legitur.
555 4002 618 4050 erat
632 3992 756 4050 forsitan
769 3992 800 4049 iu
815 3992 875 4048 illis
893 3989 1027 4070 partibus
1046 3989 1115 4046 libri
1134 3986 1171 4045 de
1189 3988 1320 4046 Ostentis

228 4112 306 4172 quae
328 4095 560 4172 interciderunt3
587 4105 650 4154 erat
673 4097 704 4152 in
728 4094 804 4153 libro
827 4090 865 4150 de
889 4093 1061 4151 iliensibus:
1081 4090 1319 4170 necquicquam

228 4198 361 4273 prolecto
381 4201 476 4276 magis
496 4199 634 4258 convenit
658 4197 690 4256 in
709 4196 848 4277 Lydum,
869 4196 1040 4274 religiosum
1055 4203 1085 4251 et
1099 4190 1275 4251 historicum
1289 4200 1318 4248 et

226 4301 258 4356 in
273 4301 378 4359 statuis
392 4299 594 4361 describendis
607 4302 760 4382 copiosum
774 4297 945 4372 hominem,
968 4316 1060 4376 quam
1076 4291 1224 4355 eiusmodi
1240 4293 1317 4352 reti·
1337 4323 1364 4373 p,
1381 4320 1460 4356 xxx„

228 4401 345 4461 cinatio.
387 4402 442 4462 sed
466 4424 535 4464 ecce
558 4415 660 4464 unctor
685 4404 831 4480 recentior
854 4403 906 4461 ille
926 4399 1133 4483 et'berbarus,
1155 4391 1240 4457 cuius
1254 4390 1318 4453 l'r'a-
