3125 4959
422 460 479 527 Da
502 457 838 529 Maelsmaalnus
862 459 897 525 Ρ.
914 458 954 526 Β.
980 459 1059 525 LlB.
1078 459 1135 528 III.
1249 458 1319 531 195

477 736 933 828 ΛΟΓΟΣ
1013 741 1072 828 Γ.

237 922 322 1032 Τοῦ
336 963 431 1047 νόμον
445 970 500 1050 τῆς
514 965 658 1052 ἱστορίας,
684 961 726 1045 ῶς
739 961 835 1050 οἶμαι,
860 965 1053 1053 τηρηθίντος,
1073 969 1124 1032 καί
1137 966 1172 1033 τό
1185 965 1319 1055 πρόσθεν

228 1069 458 1153 ἐπηγγελμένον,
479 1075 538 1132 τῶν
552 1074 713 1134 πολιτικῶν
728 1067 830 1154 ἀρχῶν
847 1068 899 1133 tat
913 1077 968 1134 τοῦ
982 1067 1073 1154 λόγον
1089 1076 1319 1157 παρελθουσῶν,

228 1173 360 1253 ἀπῆλθεν
372 1173 438 1253 ε’μοὶ
451 1167 528 1234 ἰίλιόν
540 1196 607 1235 τινα
620 1173 672 1235 καί
683 1169 801 1258 μονήρη
813 1170 902 1255 λόγον
913 1173 979 1258 περὶ
992 1179 1046 1255 τῆς
1055 1175 1195 1257 μεγίστης
1207 1173 1320 1250 τάξεως

227 1280 281 1354 τῆς
296 1271 419 1360 πρώτης
433 1279 493 1338 τῶν
510 1272 613 1360 ἀρχῶν
626 1269 787 1338 ἀποθεῖναι
803 1281 841 1360 τῇ
856 1273 988 1364 ἱστορίη,
1015 1274 1059 1338 δι’
1076 1265 1114 1340 οὗ
1128 1274 1165 1338 ἀν
1182 1300 1227 1352 τις
1239 1274 1320 1357 ἀμο-

201 1376 309 1462 5ιλρῶς
332 1377 541 1462 ε’σοπτρίσαιτο
561 1377 616 1460 τὴν
634 1373 728 1441 πάλαι
749 1376 944 1463 κρατήσασαν
964 1378 996 1441 ἓν
1019 1376 1098 1462 αὐτῇ
1122 1374 1320 1465 λαμπρότητα

225 1480 276 1540 καὶ
296 1477 451 1558 εὐταξίαν,
476 1477 513 1562 ἣν
527 1477 614 1563 ίγγός
631 1478 820 1565 ἀπολομένην
835 1475 851 1544 ὃ
864 1489 997 1564 γενναῖος
1009 1475 1095 1562 ἡμῶν
1104 1481 1249 1561 βασιλεὺς
1265 1479 1319 1546 οόκ

225 1579 305 1645 είασε
317 1586 470 1659 παντελῶς
485 1581 725 1665 ἀποσβεσθῆναι,
749 1583 865 1665 οννίχει
878 1583 911 1647 δὲ
923 1580 1023 1668 ῶσπερ
1036 1584 1086 1646 καὶ
1098 1583 1215 1669 σφίγγει
1229 1584 1319 1666 (λιαρ-

226 1683 354 1768 ρίοοσαν
372 1690 417 1771 Ιτῷ
427 1681 530 1773 χρόνῳ
546 1683 601 1769 τὴν
615 1683 810 1772 ἀρχαιότητα.
861 1687 911 1748 καὶ
931 1687 1032 1766 μεῖζον
1050 1685 1106 1766 μίν
1120 1686 1184 1748 ἐστι
1201 1683 1244 1747 ‹lc'
1262 1683 1321 1748 αό-

224 1791 279 1850 τοό
296 1784 372 1873 ἤπερ
389 1785 458 1874 ἀρτι
473 1779 655 1871 καθεστήκει
671 1789 706 1852 τὸ
721 1789 903 1868 πολίτευμα,
928 1784 1055 1870 Λιβόης
1069 1783 1141 1870 ἡμῖν
1154 1785 1320 1851 ἀποδοθεί-

185 1897 219 1952 10
226 1911 282 1971 σης
302 1889 359 1970 (οό
373 1889 482 1976 μικρὸν
496 1891 529 1956 ἀί
546 1891 580 1956 τό
596 1895 715 1973 κτῆμα,
737 1897 792 1974 τῆς
809 1891 842 1954 all
859 1887 1009 1976 Εὖριόπης
1026 1888 1058 1954 τό
1074 1894 1228 1955 πλεῖστον·
1253 1914 1318 1952 κοι-

225 1999 314 2056 νωνεῖ
332 1991 391 2077 γὰρ
415 1993 502 2079 αὐτῇ.
520 1999 575 2057 τοῦ
602 1989 750 2078 ζειγόρον,
776 1992 859 2057 καθὸ
882 1993 936 2058 τόν
957 1983 1044 2078 εάρον
1066 1989 1137 2055 όλον
1158 1986 1318 2075 όίόοισινῆ

219 2090 307 2158 Ἀσία
322 2095 372 2157 καὶ
384 2090 504 2178 μόνη),
529 2095 580 2159 καλ
594 2094 689 2176 αὐτῆς
701 2095 736 2158 ἀί
747 2089 888 2175 Ῥοόμης,
914 2102 968 2174 τῆς
982 2101 1040 2156 τῶν
1057 2091 1241 2178 πραγμάτιον
1255 2119 1319 2174 μη·

224 2193 312 2278 τρός,
333 2195 555 2282 ἀπαλλαγείσης
574 2187 679 2282 ίόρῶτι
691 2200 746 2278 τῆς
756 2196 914 2276 βασιλείας
930 2198 1048 2277 δεσμῶν
1063 2197 1113 2258 καλ
1127 2201 1319 2280 βαρβαρικῆς

224 2293 370 2372 ἔξουσίας.
421 2297 520 2364 πάντα
545 2299 596 2378 (ll,
622 2295 681 2363 ὅσα
705 2287 743 2381 ἦν
766 2297 839 2362 nori
861 2303 916 2381 τῆς
938 2299 1088 2374 πολιτείας
1113 2298 1318 2382 γνωρίσματα,

184 2412 217 2468 15
224 2395 302 2479 μετά
328 2397 494 2484 κρείττονος
516 2396 702 2475 ἀποσώζεται
730 2401 923 2476 όνναστείας·
953 2401 990 2478 Ιόί
1010 2425 1042 2465 τε
1066 2397 1152 2481 νόμον
1174 2396 1319 2483 θορόβιον

224 2500 275 2564 καλ
298 2496 684 2586 πολνρόρτον,σνγχόοειος
705 2496 939 2584 ἀπηλλάγησαν,
965 2505 1017 2563 καλ
1036 2503 1189 2585 προφανές
1203 2502 1265 2564 ε’στι
1283 2500 1316 2562 τι)

225 2603 358 2680 δίκαιον,
383 2601 434 2665 καί
455 2591 613 2683 μεταμέλει
634 2609 697 2677 τοῖς
721 2603 920 2687 φιλοίικαίοις
944 2600 978 2666 τό
1004 2604 1073 2687 πρὶν
1098 2602 1319 2686 ἓναγρνπνῆοατ

225 2714 292 2780 ταῖς
316 2707 524 2790 φιλονεικίαις,
548 2701 652 2786 μάχης
674 2701 819 2784 οάόέμιᾶς
833 2703 868 2768 τὸ
885 2702 990 2769 λοιπόν
1005 2703 1056 2769 όιά
1071 2710 1124 2787 τῆς
1140 2709 1199 2768 τῶν
1218 2700 1318 2784 νόμιον

226 2804 437 2892 καθαρότητος
461 2802 752 2889 ἀπολιγιπανομίιης.
803 2807 855 2868 καὶ
881 2808 1024 2891 κρείττων
1049 2807 1106 2887 μίν
1127 2802 1146 2888 ἦ
1168 2806 1318 2887 βασιλέας

294 2959 463 3032 ὀίσοπτρον
477 2979 523 3020 σοι
538 2982 575 3020 το
591 2965 630 3022 cs
647 2981 707 3020 corr
721 2965 758 3022 λ’.
827 2964 861 3020 16
877 2957 1139 3032 ιιροοφατίςνιιλςο.
1210 2967 1242 3021 17
1258 2964 1317 3034 lego

293 3033 448 3101 φιλοδίκοις
462 3034 497 3090 λ’.

472 3283 1068 3372 LIBERIII.

226 3437 385 3542 Historiae
403 3481 476 3552 lege,
501 3490 533 3536 at
546 3479 664 3554 opinor,
678 3485 834 3552 observata,
858 3489 887 3535 et
901 3483 1040 3537 necandam
1053 3481 1122 3550 quod
1137 3489 1198 3535 ante
1213 3481 1314 3552 pollici-

227 3563 269 3608 tae
283 3570 338 3606 eam
351 3551 542 3620 magistratibus
557 3552 679 3608 civilibus
692 3553 837 3620 enarratis,
854 3554 938 3605 nisum
952 3562 994 3605 ent
1006 3551 1066 3604 milri
1084 3552 1215 3634 proprium
1233 3571 1318 3622 qtren·

227 3625 286 3676 darn
303 3641 334 3676 uc
351 3621 504 3689 singularem
519 3620 634 3674 libellum
651 3625 683 3676 de
700 3622 811 3674 maxima
827 3621 915 3674 allicio
933 3620 1008 3690 primi
1024 3627 1219 3687 inegrstratuum
1232 3622 1315 3675 bisto-

227 3692 284 3743 riao
296 3690 439 3756 subiicere,
455 3689 483 3742 in
499 3706 551 3759 quo
565 3690 625 3759 quis
639 3692 775 3762 pristinum
792 3692 848 3743 eius
863 3689 1024 3758 splendorem
1039 3690 1223 3759 egregiamque
1236 3692 1316 3744 disei-

226 3759 322 3828 plinam
341 3761 449 3812 obscure
465 3758 613 3824 intueatur3
639 3777 714 3830 quam
738 3777 807 3829 pene
826 3759 952 3830 perditam
967 3774 1111 3824 generosus
1127 3768 1217 3810 nouer
1233 3760 1316 3829 impe-

225 3838 299 3881 rator
316 3845 367 3880 non
383 3843 474 3897 passas
492 3837 533 3879 est
546 3828 663 3882 fonditus
678 3828 812 3897 extingui,
830 3829 997 3893 continetque
1010 3828 1198 3894 quodammodo
1213 3837 1240 3881 et
1253 3847 1316 3881 ean-

225 3896 332 3964 stringit
347 3896 501 3949 dilabentem
517 3905 635 3964 tempore
651 3897 842 3967 antiquitatem.
878 3913 908 3946 ac
924 3894 1007 3946 maior
1023 3895 1126 3963 quidem
1162 3912 1217 3948 tram
1234 3913 1318 3966 nuper

226 3981 274 4034 per
291 3965 361 4017 illurn
379 3975 420 4018 est
436 3981 478 4016 res
496 3964 615 4033 publica,
640 3965 727 4034 Libya
744 3965 820 4019 nabis
836 3963 950 4028 reddita,
975 3979 1028 4015 non
1048 3981 1132 4033 parvo
1171 3982 1234 4031 ono,
1259 3966 1316 4017 Ea-

225 4048 343 4102 ropaqne
368 4033 500 4086 maximam
525 4043 624 4102 partem
651 4035 718 4102 (hnc
742 4033 810 4088 enim
834 4033 861 4086 iu
882 4031 1052 4084 Occidentem
1069 4032 1227 4102 porrigitur,
1247 4033 1317 4086 sicat

225 4101 360 4154 Orientem
375 4111 457 4155 tatum
469 4100 532 4154 Asia
548 4102 657 4172 solaque
670 4103 797 4170 tribuit),
815 4102 873 4171 ipsa
887 4109 972 4152 nutam
992 4101 1088 4168 Roma,
1106 4101 1208 4170 imperii
1223 4111 1316 4169 matre,

225 4169 335 4223 tinnulis
355 4180 383 4223 et
398 4171 534 4224 barbarica
554 4180 686 4241 potestate
703 4172 799 4225 sudore
811 4168 975 4238 imperatoris
993 4168 1113 4222 liberata.
1148 4170 1235 4223 omnia
1251 4186 1316 4224 vero

224 4253 291 4304 quae
308 4242 437 4306 «parandam
451 4241 524 4292 luero
540 4240 580 4291 roi
595 4239 715 4308 publicae
730 4246 892 4303 ornamenta,
916 4237 1008 4290 maiori
1022 4254 1079 4291 cum
1093 4247 1223 4306 potestate
1235 4239 1315 4291 resti-

223 4314 339 4372 tuantur,
356 4307 479 4378 legasque
493 4309 575 4361 tarbis
591 4327 623 4362 ac
638 4307 786 4379 multiplicia
802 4323 881 4359 onere
898 4307 1058 4359 cortiusionis
1071 4305 1212 4372 liberatae;
1228 4315 1315 4389 patet·

224 4390 274 4443 qae
294 4375 405 4444 iustum,
438 4395 470 4430 ec
490 4377 571 4430 litium
593 4387 709 4432 amantes
731 4376 849 4498 paenitet
869 4376 1079 4428 contentionibus
1101 4374 1160 4427 olim
1183 4375 1315 4442 vigilasse,

225 4441 292 4498 nulla
308 4443 335 4496 iu
350 4453 484 4514 posteram
502 4453 610 4518 propter
623 4446 707 4518 legam
721 4447 863 4501 caritatem
877 4461 965 4514 pagna
978 4444 1079 4498 relicta.
1114 4461 1146 4497 ac
1159 4443 1243 4497 virtus
1255 4442 1314 4512 qni-
