3125 4959
620 409 679 477 DE
704 409 923 479 OSTENTIS.
1249 414 1325 487 285

223 574 360 665 ῥάβδων
379 571 403 661 ἥ
424 594 525 641 τινων
545 571 715 643 τοιούτων.
763 571 888 661 μέλανα
916 571 978 660 μὲν
1004 570 1029 660 ἢ
1054 570 1232 667 άπάηλωρα
1258 600 1323 663 φα-

220 678 320 747 νέντα
340 683 472 763 σημαίνει
485 715 589 749 ······.

220 781 370 847 ωσανεὶ
390 777 487 859 τόξον
507 777 564 845 καὶ
587 783 733 865 potamos
753 776 915 861 πυρῶδες.
968 772 1093 844 τοιαῦτά
1113 803 1188 845 τινα
1208 786 1238 842 ολ
1257 788 1322 859 περὶ

220 884 272 942 τὸν
291 884 436 955 Ῥωμαῖον
458 878 625 966 Βάρρωνα
647 878 805 966 Nupturae
824 902 859 948 τε
879 876 935 946 καί
955 872 1155 965 Ἀπουληίου
1171 883 1321 973 προύβη·

194 996 283 1051 σοον·
334 984 464 1058 datvm
485 981 725 1069 Καμπέστρεος,
753 979 969 1068 ἐξειλεημένηα
993 982 1067 1049 τινὰ
1095 982 1171 1065 περὶ
1191 984 1321 1056 τούτων

219 1087 370 1157 συντάξας
395 1087 617 1167 πραγματείαν,
656 1083 772 1164 αάταῖς
798 1084 900 1165 λέξεσι
928 1081 1011 1153 καθ’
1041 1084 1216 1173 ἑρμηνείαν
1244 1088 1321 1174 περὶ

217 1190 381 1275 κομητῶν,
406 1192 455 1247 παλ
476 1188 492 1247 ά
512 1213 540 1249 τι
561 1188 732 1269 ἀπειλοῦσι,
753 1191 859 1255 ταῦτα
878 1186 975 1271 λέγει.

304 1296 355 1355 11.
397 1290 631 1370 ’σκοπούμενος
658 1288 806 1369 ίππιάς
825 1288 894 1357 ἔστι
914 1290 976 1374 μἐν
993 1286 1202 1377 Ἀφροδίτης,
1224 1288 1262 1357 ἐκ
1283 1292 1320 1359 δὲ

215 1398 274 1479 τῆς
295 1389 444 1478 ὀξύτητος
464 1392 555 1463 οὕτως
576 1393 766 1467 ὠνόμασται·
788 1393 948 1476 πλαγίους
969 1392 1005 1460 di
1026 1391 1112 1460 ἕλκει
1131 1392 1189 1459 ναί
1207 1390 1320 1474 πυρώ-

176 1498 286 1576 rodere
306 1492 511 1581 πλοκάμους,
542 1493 673 1566 adanae
693 1521 772 1567 τιααι
793 1494 905 1581 φωτὸς
926 1490 1105 1575 ἀποτείνει,
1132 1493 1190 1563 τινί
1215 1493 1319 1563 πάλιν

283 1668 301 1721 2
319 1666 362 1719 hic
379 1666 535 1721 exciderunt
548 1668 581 1721 ad
594 1667 725 1722 minimum
738 1668 791 1722 duo
804 1666 879 1734 lolia,
897 1674 925 1722 et
940 1668 1055 1721 fortasse
1072 1664 1153 1721 multo
1169 1665 1253 1736 plora,
1271 1665 1319 1736 ubi

282 1738 318 1790 de
341 1737 487 1793 defectibus
500 1737 573 1791 'solis
595 1740 630 1791 de
646 1738 830 1807 coloribusque
845 1738 902 1792 cirre
921 1738 1032 1791 orientis
1049 1744 1078 1789 et
1094 1736 1215 1789 obeuntis
1232 1753 1316 1806 expo-

282 1806 369 1859 suisse
386 1816 519 1861 auctorem
535 1805 679 1861 verisimile
698 1815 755 1873 σοις
784 1808 848 1862 item
865 1809 900 1862 de
921 1806 1007 1875 areis,
1033 1814 1062 1861 et
1089 1804 1194 1860 circulis
1217 1822 1316 1876 repen-

282 1876 356 1929 tinis.
399 1876 526 1945 deinceps
547 1878 581 1929 ad
603 1877 807 1947 disputationem
833 1879 867 1930 de
891 1875 1001 1929 cometis
1029 1875 1111 1943 (vide
1134 1892 1215 1943 supra
1236 1894 1261 1927 ο.
1278 1876 1316 1942 4)

282 1960 342 1997 eam
366 1944 530 1997 convertisse
551 1963 580 1997 se
603 1946 743 2013 existimo,
768 1945 807 1999 ita
831 1954 862 1998 ut
883 1963 956 1998 more
979 1962 1028 1998 suo
1051 1943 1136 2000 allatis
1154 1962 1187 1997 ox
1203 1944 1317 1997 historia

283 2014 410 2083 exemplis
439 2013 519 2067 certis
545 2014 695 2068 hominibus
719 2014 931 2085 potestatibusve
956 2014 1063 2067 exitium
1086 2032 1132 2067 eos
1156 2015 1318 2084 portendere

281 2084 490 2151 demonstraret,
514 2101 670 2154 causamque
692 2084 811 2155 aperiret
833 2102 916 2154 quare
940 2084 1023 2138 variis
1045 2083 1194 2137 nominibus
1218 2082 1316 2133 distin-

283 2162 442 2216 guerentur,
474 2170 507 2203 ex
534 2153 622 2205 Plinio
649 2155 667 2207 2
694 2154 738 2206 26.
780 2165 890 2220 postea,
920 2153 1024 2204 ratione
1053 2152 1145 2203 habita
1172 2153 1314 2203 verborum

282 2218 371 2269 statim
400 2220 583 2286 sequentiam,
613 2220 765 2271 coniectura
792 2221 853 2271 fieri
878 2220 965 2289 possit
997 2220 1099 2285 Lydum
1127 2218 1270 2287 sumpsisse
1295 2236 1313 2271 a

280 2286 368 2338 Plinio
390 2304 515 2341 summam
544 2304 633 2339 eorum
662 2304 730 2355 qrrac
758 2287 838 2340 hebet
867 2288 901 2341 de
930 2287 996 2341 caeli
1022 2288 1172 2355 coloribus,
1201 2288 1313 2341 flammis

280 2355 364 2422 caeli,
396 2363 423 2408 et
446 2354 551 2409 coronis
573 2355 740 2409 caelestibus.
775 2364 838 2411 suut
860 2365 946 2410 autem
964 2375 997 2409 ea
1014 2356 1080 2410 llaec
1098 2357 1170 2423 fere,
1194 2356 1229 2409 H.
1244 2359 1314 2410 N.2

278 2426 410 2480 26-30:
429 2426 542 2477 emicant
559 2428 691 2477 attrahes
708 2424 787 2479 simili
807 2426 900 2494 modo,
924 2443 990 2497 quos
1006 2428 1087 2479 docos
1105 2436 1218 2489 vocant;
1236 2428 1267 2477 lit
1285 2436 1314 2479 et

280 2494 348 2547 caeli
365 2493 450 2575 ipsius
466 2494 568 2561 hiatus,
593 2496 662 2563 quod
685 2502 783 2547 vocant
801 2495 916 2548 chasma.
952 2496 983 2547 lit
1007 2503 1035 2546 et
1056 2494 1220 2557 incendium,
1243 2494 1313 2549 sicut

280 2563 447 2632 otympndis
473 2564 631 2617 centesimae
657 2563 787 2633 septimae
808 2580 876 2613 arrno
900 2562 995 2628 tertio,
1025 2578 1083 2613 curn
1105 2579 1153 2614 rex
1173 2560 1313 2632 Philippus

278 2632 420 2685 Graeciam
438 2639 570 2701 quateret.
605 2640 748 2684 cernuntur
763 2638 791 2682 et
802 2630 894 2683 stellae
907 2647 965 2681 eum
979 2629 1035 2682 sole
1052 2629 1115 2683 totis
1132 2630 1235 2696 diebus,
1252 2631 1311 2699 ple-

278 2717 388 2767 rumque
406 2709 434 2753 et
451 2702 523 2753 circa
538 2699 601 2751 solis
618 2701 723 2765 orbem,
747 2715 796 2751 ceu
813 2699 920 2770 spiceae
935 2717 1065 2764 coronae3
1090 2708 1119 2752 et
1136 2700 1312 2755 versicolores

279 2768 386 2834 circuli,
410 2767 524 2836 qualiter
539 2768 657 2837 Augusto
673 2768 790 2821 Caesare
808 2767 836 2820 in
851 2769 937 2838 prima
951 2769 1060 2822 iuventa
1076 2770 1168 2822 urbem
1185 2770 1312 2837 intrante,

278 2845 341 2911 post
358 2837 457 2890 obitum
474 2838 576 2909 patris,
604 2838 752 2891 adnomen
774 2838 869 2906 ingena
895 2839 1097 2907 capessendum.
1134 2840 1204 2893 circa
1228 2839 1311 2894 solem

278 2906 403 2977 apparuit
430 2907 509 2960 etiam
538 2906 636 2977 aliquid
665 2925 732 2976 qua·
769 2909 919 2977 [sequentia
949 2917 1050 2961 exstant
1079 2909 1138 2976 laic]
1174 2926 1242 2976 quae
1270 2910 1311 2963 sic

278 2980 384 3031 Graece
412 2984 549 3030 convertat
576 2975 686 3046 aliquis,
719 2976 824 3030 imitans
856 2995 909 3029 non
937 2976 1019 3029 Attici
1049 2977 1154 3045 qaudam
1181 2980 1311 3032 sermonis

275 3045 450 3114 scaevitatem,
474 3047 521 3100 sed
543 3063 601 3099 cum
627 3062 700 3100 usum
722 3046 882 3115 peculiarem
900 3064 972 3099 saec.
987 3048 1020 3116 6,
1045 3055 1100 3099 tum
1115 3046 1226 3099 maxime
1244 3066 1310 3117 pro-

275 3115 431 3184 prietatem,
466 3114 596 3169 interdum
627 3114 705 3169 etiam
734 3125 868 3185 stuporem
895 3115 982 3183 Lydis
1022 3116 1065 3170 10.
1096 3116 1248 3183 φαίνονται
1276 3112 1308 3170 δὲ

275 3184 324 3236 καί
342 3183 466 3249 δοκίδες,
484 3182 533 3237 καί
556 3178 646 3245 οὕτως
664 3180 754 3249 ericae
772 3185 905 3238 καλοῦσιν
927 3183 955 3237 oi
971 3178 1116 3251 Ἕλληνες·
1140 3184 1263 3252 γίγνεται
1276 3182 1308 3239 δὲ

278 3250 326 3305 ναί
346 3252 378 3303 τῦ
402 3250 551 3321 λεγόμενον
571 3249 661 3320 χάσμα
678 3250 708 3306 ἐν
723 3248 845 3325 ου’ρανῷ.
884 3252 932 3307 κοιλ
945 3250 1040 3318 ἕτερον
1053 3251 1086 3305 dt
1101 3272 1129 3306 τι
1144 3251 1308 3322 ἐμπρησμοῦ

276 3318 471 3389 παραπλήσιον
482 3317 612 3384 πολλάκις
626 3321 766 3389 φαίνεται,
783 3318 822 3383 αἱς
834 3320 880 3376 ἐπὶ
892 3323 943 3390 τῆς
959 3318 1082 3391 ἑβδόμης
1095 3324 1142 3375 καὶ
1155 3320 1309 3389 ἑκατοστῆς

276 3386 464 3455 Ὀλυμπιάδος
480 3393 554 3459 (vide
567 3394 709 3463 supra284
726 3395 764 3459 4),
784 3386 831 3446 ὅτε
847 3393 985 3451 Φίλιππος
998 3390 1014 3443 o‘
1028 3386 1165 3456 Ἀμύντου
1180 3390 1233 3456 τὴν
1248 3390 1309 3444 Ἑλ-

275 3457 351 3513 λάδα
366 3454 484 3513 ἐσάλευε.
519 3459 715 3527 petramordi
731 3459 779 3513 sal
790 3458 853 3515 oris
870 3454 939 3544 ἡλίμ
957 3454 1071 3525 άστάρες
1090 3456 1137 3511 διά
1148 3458 1241 3544 πάσης
1253 3461 1308 3527 τοῖς

274 3524 399 3596 ἡμέρας,
425 3527 471 3583 καὶ
491 3528 610 3594 μάλιστα
633 3528 696 3597 περὶ
712 3528 764 3583 τὸν
779 3530 875 3585 δίσκον
888 3531 998 3596 αυτόν,
1024 3528 1157 3595 καθάπερ
1171 3545 1308 3595 στεφανοι

275 3596 436 3665 σταχάϊυοι·
455 3598 503 3651 καί
516 3596 704 3667 ποικιλόχροοί
717 3616 790 3661 τινες
801 3596 905 3661 κύκλοι,
922 3595 1021 3652 ὁποῖοι
1034 3595 1178 3665 ἐφάνησαν
1191 3591 1308 3653 tresd-

273 3684 391 3735 ηουστος
411 3662 476 3728 νέος
496 3670 595 3738 κομιδῇ
614 3666 684 3735 μετά
703 3664 757 3736 τήν
770 3669 822 3721 τοῦ
835 3670 980 3734 Καίσαρος
991 3664 1122 3734 τελευτὴν
1135 3665 1175 3727 είς
1188 3661 1306 3736 Ῥεάμην,

274 3733 326 3788 τάν
340 3734 449 3802 πατέρα
469 3732 689 3803 άνοινεοάμενος,
712 3738 851 3807 εἰσῆλθεν.
885 3733 972 3795 ου’σλν
991 3733 1022 3790 di
1042 3728 1129 3805 ἦττον
1149 3736 1305 3804 φαίνεσθαι

273 3804 376 3876 συνέβη
391 3824 418 3859 τι
429 3806 493 3873 περὶ
508 3803 561 3861 τὸν
572 3802 652 3876 ’ἥλιον
665 3804 703 3863 ω’*
806 3810 824 3865 9
838 3806 925 3863 malin
939 3804 1033 3865 ἕλκων.
1067 3806 1106 3860 Η.

204 3962 262 3998 curn
278 3944 358 4009 lirrnt,
384 3943 457 3998 velut
474 3943 608 4013 virgarum
625 3953 670 3998 aut
685 3946 833 4016 specierum
849 3946 988 4001 eiusmodi.
1023 3961 1092 4015 quae
1111 3942 1135 3997 si
1153 3944 1230 4015 nigra
1247 3945 1307 3999 eive

204 4013 351 4085 subpallida
368 4026 504 4084 apparent,
522 4014 673 4083 significant
681 4050 795 4071 .......

205 4084 295 4137 ...si
314 4100 390 4136 arcns
408 4090 436 4134 et
452 4085 604 4153 prodigiose
616 4086 723 4138 rubens.
760 4085 824 4137 haec
849 4086 908 4140 lere
932 4085 961 4137 in
978 4081 1086 4153 scriptis
1102 4082 1217 4137 MVarro
1235 4082 1302 4137 civis

205 4152 353 4219 Ronrauus,
380 4150 543 4222 PNigioius,
574 4152 724 4222 LApuleius
745 4163 950 4225 proposuerant.
985 4163 1014 4206 at
1036 4153 1230 4223 campestrias,
1257 4151 1303 4219 qui

205 4222 315 4289 amplum
333 4224 367 4275 de
386 4222 477 4274 eodem
492 4232 644 4291 argumento
663 4224 821 4307 coruscripsit
837 4223 1063 4306 commentarium,
1081 4223 1115 4276 de
1133 4223 1241 4277 cometis
1255 4220 1303 4273 ‹lo-

204 4306 257 4358 que
272 4290 305 4344 iis
321 4310 389 4363 quae
403 4291 556 4345 minitantur
569 4294 678 4347 totidem
696 4296 787 4351 vorbis
805 4295 934 4349 translata
953 4292 1018 4345 haec
1036 4299 1084 4345 art.

275 4362 317 4414 11.
353 4361 475 4431 Hippeus
488 4362 534 4429 qui
548 4364 680 4417 vocitatur
695 4365 807 4417 Veneris
824 4373 878 4417 eet:
896 4380 911 4413 ε
925 4361 1061 4415 celeritate
1074 4360 1180 4414 invenit
1191 4376 1302 4412 nomen:

203 4427 324 4499 obliquas
342 4432 449 4485 uadens
468 4439 547 4501 etque
563 4435 686 4487 ardentes
704 4434 795 4503 iubas,
822 4432 929 4505 proiicit
948 4433 1037 4488 radios
1053 4432 1136 4500 lucis,
1159 4444 1302 4499 rursusque
