3125 4959
548 443 608 525 DE
631 441 844 513 MENSIBUS
867 443 928 514 IV·
1244 443 1295 518 73

189 615 340 695 κατίδειξε
354 614 537 705 τριετηρίδα.
587 619 640 683 καὶ
653 624 751 685 ταῦτα
766 617 823 702 μίν
837 614 867 683 oi
876 614 1028 699 Ἓλληνες.
1078 615 1109 682 oi
1124 612 1294 703 δίῳεῬω-

187 731 275 804 μαΐοι
298 720 356 786 τδν·
374 718 527 786 Διόνυσον
548 722 720 806 βακχευτήν
744 728 801 789 τοῦ
829 716 1029 808 Κιθαιρῶνός
1056 742 1151 806 φασιν
1157 768 1168 801 ,
1204 721 1295 800 οἳονεδ

187 823 359 908 βακχευτήν
371 826 422 889 καὶ
437 824 640 912 ἀνατρέχοντα
655 824 715 891 cini
729 824 783 891 τὸν
804 820 953 913 οάρανόν,
979 822 1015 888 ἀν
1028 823 1061 886 ἔκ
1075 828 1131 904 τῆς
1142 832 1202 890 τῶν
1217 822 1294 891 inssi

188 931 370 1015 συμφωνίας
385 927 520 1015 ἀστίρων
541 925 717 1017 Κιθάρωνα
738 925 920 1011 ὠνόμασαν·
942 925 1016 991 ὅθεν
1026 909 1143 1012 Ἕρμής
1159 926 1294 1016 κιθάραν

162 1032 297 1097 sictone
309 1037 453 1114 μυθικῶς
461 1029 682 1119 τῷἈπάλλωνι,
701 1027 766 1098 οἷον
779 1028 797 1096 ό
809 1028 920 1116 Λόγος
931 1036 975 1117 τῷ
987 1024 1063 1117 ήλίῳ
1076 1028 1132 1113 τήν
1147 1037 1202 1095 τοῦ
1216 1058 1294 1097 παν-

186 1134 240 1210 τὸς
254 1129 412 1221 ἁρμονίαν.
451 1137 483 1199 ἓν
498 1134 662 1224 ἀπορρήτῳ
682 1136 716 1202 δὲ
728 1142 771 1225 τῷ
785 1133 930 1221 Διονύσῳ
946 1134 986 1199 τά
998 1121 1153 1228 μυστήρια
1168 1135 1294 1201 traseae

187 1236 241 1301 διὰ
257 1238 292 1302 τὸ
306 1244 399 1303 πᾶσιν
415 1235 595 1327 ἀπόκρυφον
609 1236 682 1305 εἶναι
703 1237 759 1322 τήν
777 1246 833 1305 τοῦ
850 1234 938 1321 ήλίου
951 1235 1030 1324 πρδς
1042 1234 1098 1318 τήν
1112 1238 1294 1316 τοῦπαντδς

187 1338 282 1427 φάσιν
295 1343 460 1406 κοινωνίαν.
510 1344 561 1407 καὶ
576 1341 754 1431 φαλλοδςὲν
766 1353 830 1423 τοῖς
844 1342 936 1428 ἱεροῖς
952 1339 1048 1406 αάτοῦ
1056 1338 1294 1427 παρελάμβανον

187 1442 279 1518 οἱονεὶ
293 1443 332 1508 τά
349 1444 505 1529 γεννητικὰ
523 1444 656 1530 ἀργανα,
690 1448 741 1512 καί
762 1444 910 1532 ἔσοπτρον
929 1444 1018 1509 οἱονεὶ
1039 1443 1094 1509 τὸν
1109 1446 1220 1529 διαυγῆ
1238 1442 1293 1510 osi·

144 1560 180 1615 10
187 1543 280 1633 ρανόν
285 1594 296 1625 ,
322 1559 459 1636 σφαῖραν
479 1549 514 1612 δὲ
527 1548 617 1613 oiovsi
637 1550 693 1631 τήν
705 1557 778 1633 χήν·
805 1546 895 1635 όχάρ
908 1544 1045 1611 Πλάτων
1059 1548 1091 1613 ίν
1106 1554 1149 1634 τῷ
1167 1548 1289 1636 Τιμαίῳ
1307 1577 1337 1632 p.
1355 1565 1391 1621 83

184 1645 360 1737 φησίνὛή
373 1653 429 1733 μίν
441 1650 477 1717 τὸ
493 1650 657 1740 σφαιρικὸν
673 1650 780 1728 siloc?
834 1652 882 1716 διδ
897 1650 936 1733 δή
952 1652 1004 1713 καί
1020 1646 1037 1713 ό
1051 1650 1248 1738 Πυθαγόρας
1263 1654 1292 1743 ίγ

184 1763 253 1829 ταῖς
266 1752 340 1817 δίκα
352 1757 498 1841 σφαίραις
513 1754 610 1831 οὕτως
624 1757 675 1820 καί
692 1754 788 1840 αάτής
802 1753 909 1838 ψυχάς
921 1750 1108 1839 ίνεσπάρθαι
1122 1757 1208 1841 φησί.
1234 1782 1294 1820 πυ-

185 1856 304 1943 ριγενία
320 1856 354 1921 δὲ
366 1856 461 1922 ababa
476 1859 527 1920 καί
541 1866 700 1943 παγκρατή
716 1861 747 1926 ἓν
761 1867 826 1935 τοῖς
840 1858 931 1945 ἱεροῖς
947 1855 1084 1936 ἐκάλουν,
1108 1855 1154 1923 ὅτι
1168 1857 1224 1942 τήν
1237 1858 1294 1941 μίν

184 1957 281 2047 φάσιν
302 1958 450 2047 πυρώδης
469 1961 549 2026 ε’στὶν
569 1958 686 2045 ὄήλιος
693 2010 704 2039 ,
729 1969 785 2026 τοῦ
799 1963 833 2025 δὲ
847 1960 960 2037 παντός
974 1958 1097 2047 ε’πάρχει
1113 1963 1165 2025 καὶ
1177 1971 1292 2049 κρατεῖ.

143 2064 238 2125 15καὶ
253 2059 400 2147 πάνθηρα
414 2066 447 2127 δὲ
460 2064 538 2149 παρ’
554 2064 649 2130 circui
661 2062 795 2147 τυάνομα
808 2071 946 2133 ποιοῦσιν
953 2061 1185 2145 ἀποδεχόμενον,
1202 2066 1293 2130 οἱονεὶ

182 2162 240 2245 τήν
255 2161 415 2250 πάνθηρον
424 2170 480 2249 γήν
494 2168 526 2241 ἐξ
541 2166 635 2229 αὐτοῦ
644 2165 862 2248 λαμβάνουσαν
873 2167 928 2250 τὴν
938 2166 1144 2246 ζωοποιδνκαδ
1156 2168 1291 2255 crippus-²

183 2266 271 2349 τικήν
284 2264 412 2355 τροφήν.
431 2336 432 2339 ¹
463 2269 514 2331 καὶ
535 2265 662 2350 Βάκχας
676 2269 759 2355 αὐτῷ
779 2273 829 2332 καὶ
846 2267 985 2357 Νύμφας
990 2318 1002 2348 ,
1022 2270 1164 2337 clausisti
1180 2270 1291 2352 ὕδατα,

183 2377 306 2436 ποιοῦσι
321 2376 565 2456 πειθαρχοῦντα,
591 2377 629 2457 τῇ
644 2372 678 2435 δὲ
691 2377 746 2435 τοῦ
758 2366 845 2453 ήλίου
860 2371 974 2453 κινήσει
989 2369 1009 2453 ή
1023 2381 1084 2437 τῶν
1094 2370 1217 2440 ἀδάτων
1229 2372 1293 2463 φό-

183 2497 234 2550 σις
254 2476 458 2558 ζωογονεῖται·
484 2473 628 2560 κύμβαλα
649 2475 683 2537 δὲ
706 2474 758 2537 καὶ
779 2469 920 2560 θάρσους
940 2472 1046 2549 αάταῖς
1066 2474 1206 2554 διδόασι,
1237 2480 1292 2546 τδν

140 2584 247 2654 χοτάιν
257 2574 380 2643 ὑδάτων
395 2570 485 2661 ήχον·
511 2582 561 2642 καί
579 2574 638 2643 inl
662 2574 811 2665 Σατόρων
826 2578 1026 2658 ίλαυνομίνας
1040 2576 1096 2653 τάς
1112 2578 1292 2658 Μαινάδας,

182 2676 250 2745 οἷον
262 2677 322 2746 ἀπὸ
335 2688 395 2746 τῶν
410 2682 529 2763 ἀνίμων
543 2682 723 2764 ἀθουμίνης
742 2687 798 2763 τῆς
812 2687 873 2748 τῶν
886 2677 1008 2745 ὑδάτων
1024 2679 1147 2767 φάσεως
1159 2683 1293 2771 βροντάς

183 2785 235 2849 καὶ
255 2782 388 2861 κτάπους
406 2784 631 2852 ἀποτελεῖσθαι.
696 2782 850 2851 Διόνυσον
868 2784 903 2849 δὲ
928 2780 1037 2850 ὡσανεὶ
1060 2785 1113 2851 τὸν
1138 2793 1194 2853 τοῦ
1215 2787 1293 2867 Διὸς

252 2972 323 3034 ουν
340 2981 392 3035 ιιι
409 2979 569 3035 ltoetheros.
684 2982 717 3035 10
737 2979 857 3051 τιμαῳ]
874 2997 904 3066 p.
924 2979 981 3035 εει
1085 2980 1119 3036 15
1135 2962 1290 3052 ποιοηροι

252 3050 370 3121 spuis:
387 3067 448 3104 corr
463 3050 624 3105 Rcctherus.
728 3051 763 3105 20
780 3046 965 3117 ίλαυνομενος
980 3048 1040 3128 ΡΥ.

183 3234 271 3288 aquo
289 3219 456 3275 Tristerides
475 3222 634 3276 constitutae
656 3226 726 3275 sunt.
769 3228 799 3275 et
816 3222 882 3275 haec
904 3223 1009 3293 quidem
1033 3219 1142 3275 Graeci.
1176 3219 1289 3273 Romani

162 3292 164 3299 ⁴
184 3296 271 3341 sutem
285 3289 431 3357 Dionysum
445 3292 620 3344 Bacchantem
634 3291 803 3346 Cithaeronis
817 3293 917 3358 dicunt,
932 3292 1006 3344 velut
1018 3293 1188 3344 bacchantem
1203 3299 1231 3341 et
1242 3307 1287 3342 sa-

183 3356 290 3410 lientem
305 3376 354 3426 per
368 3360 476 3425 caelum,
496 3364 567 3429 quod
585 3380 619 3414 ex
635 3371 737 3430 septem
756 3371 885 3415 concentu
902 3360 1035 3413 stellarum
1054 3360 1224 3411 Citharonem
1237 3377 1286 3412 no-

182 3428 363 3491 minaverunt3
382 3431 451 3483 undo
469 3430 616 3483 Mercurius
635 3431 761 3484 citharam
781 3432 828 3484 dat
847 3450 880 3484 ex
898 3429 988 3485 fabula
1006 3427 1137 3496 Apollini,
1161 3435 1285 3499 tanquam

182 3497 251 3549 ratio
277 3496 327 3548 soli
348 3497 465 3552 universi
488 3499 658 3553 harmoniam.
701 3501 739 3553 in·
754 3500 856 3553 occulto
875 3510 962 3553 autem
978 3498 1076 3550 Bacchi
1095 3496 1284 3562 mysteriace-

182 3566 361 3633 lebrabuntm,
381 3577 524 3638 propterea
542 3571 612 3639 quod
633 3570 752 3623 omnibus
771 3569 873 3622 occuito
890 3576 932 3620 est
949 3567 1012 3619 solis
1031 3584 1088 3618 clun
1107 3565 1224 3618 ninivensi
1238 3585 1286 3619 na-

182 3642 242 3689 tura
256 3634 411 3691 commuuio.
447 3647 476 3690 et
489 3639 590 3707 phallos
605 3639 633 3693 in
648 3640 731 3692 sacris
751 3639 808 3693 eius
824 3639 1001 3702 assumebant,
1021 3636 1095 3688 velut
1107 3638 1222 3689 membra
1237 3654 1286 3704 ge-

182 3704 282 3771 nitplia,
302 3713 354 3757 ets
376 3705 485 3772 oculum,
500 3716 546 3761 tan
566 3726 624 3761 nam
639 3708 797 3776 pellucidum
814 3707 922 3770 caelum,
940 3705 1044 3773 globum
1063 3712 1149 3758 autem
1163 3715 1287 3774 tanquam

182 3772 316 3827 tellurem:
334 3723 537 3830 Planasiam
583 3778 667 3830 imaeo
686 3778 725 3830 alt
741 3772 854 3831 “terrae
872 3774 1007 3843 globosum
1022 3774 1136 3844 speciem
1153 3770 1288 3843 (ossigness

182 3838 280 3911 rous).”
316 3846 385 3897 unde
407 3843 534 3898 videlicet
556 3856 583 3899 ot
606 3846 773 3916 Pythagoras
791 3847 819 3898 in
835 3844 1062 3925 decomsphaeris
1080 3845 1118 3896 ita
1133 3846 1212 3895 etiam
1229 3844 1286 3895 eius

181 3912 281 3979 animas
298 3912 372 3981 [sic]
392 3914 485 3967 insitas
504 3914 578 3967 dicit.
622 3934 655 3969 ex
672 3917 735 3985 igne
754 3924 841 3968 utitem
857 3923 1022 3982 progenitum
1038 3922 1066 3966 et
1081 3913 1286 3981 omnipotentem

180 3982 208 4034 in
220 3982 304 4035 sacris
316 3985 457 4051 vocabant,
471 3986 542 4052 quod
552 3984 645 4052 igneus
658 3996 751 4039 natura
763 3983 802 4036 sol
815 3990 865 4050 est,
882 3992 910 4035 et
922 3983 1072 4036 universum
1085 3982 1157 4047 regit
1170 4000 1201 4033 ac
1215 4000 1286 4032 c01n·.

180 4050 332 4119 prehendit.
368 4064 397 4105 et
410 4054 539 4122 panthera
554 4056 588 4107 ab
603 4072 634 4106 eo
651 4072 745 4107 nomen
760 4052 867 4124 trahere
883 4053 992 4118 iaciunt,
1007 4050 1082 4121 quasi
1097 4059 1203 4115 terrum,
1217 4067 1286 4117 (μιαα

181 4137 270 4174 omncs
289 4122 361 4172 ieras
379 4123 466 4192 capit,
490 4125 524 4176 ab
544 4140 575 4174 eo
593 4124 765 4193 accipientem
783 4122 968 4175 nutrimentum
986 4120 1124 4173 recreandi
1142 4129 1171 4172 ct
1188 4118 1283 4170 laetiti-

180 4190 257 4242 candi
275 4190 328 4241 vim
345 4190 456 4245 habens.
492 4202 521 4245 et
536 4192 654 4245 Bacchas
673 4194 698 4243 ci
717 4191 916 4259 Nymphasque,
933 4201 1056 4259 tanlquam
1073 4206 1164 4257 aquas,
1183 4187 1285 4242 iaciunt

179 4258 297 4323 servirc;
311 4259 374 4312 solis
389 4268 475 4313 autem
489 4270 561 4315 motu
575 4272 700 4329 aquarum
716 4268 810 4312 natura
822 4262 988 4313 fecundatur.
1024 4259 1143 4326 cymbala
1156 4268 1242 4309 utitem
1257 4264 1285 4308 et

179 4326 287 4393 thyrsos
305 4328 330 4380 ei
346 4330 419 4396 dulit,
437 4333 585 4400 (tanquam)
606 4346 730 4397 aquarum
745 4330 893 4393 fremitnm3
911 4337 940 4383 et
955 4329 1100 4381 lllaenados
1116 4347 1139 4380 s.
1157 4325 1283 4391 Bacchas,

180 4412 248 4464 (puae
262 4414 278 4447 a
291 4398 397 4463 Satyris
411 4400 554 4467 agitantur,
571 4400 653 4465 velut,
672 4416 729 4451 cum
747 4400 863 4452 aventis
877 4416 1002 4468 aquarum
1018 4408 1112 4451 natura
1127 4394 1283 4461 impellatur,

179 4464 298 4520 tonitrua
310 4475 339 4521 ot
351 4469 479 4540 strepitus
493 4469 576 4526 effici.
610 4468 757 4539 Dionysum
770 4478 857 4525 autem
871 4472 943 4537 (eum
955 4469 1110 4535 vocabant),
1126 4463 1199 4519 velut
1209 4463 1283 4518 lovis
1349 4470 1353 4477 ’
