3125 4959
468 437 526 503 DE
543 435 880 505 usolsrltsrfflus
897 438 934 504 P.
951 438 991 504 R.
1016 438 1094 506 sm.
1115 438 1157 508 11.
1285 437 1356 510 189

264 601 422 696 λεγόμενος
441 611 519 676 κατά
542 609 689 695 νεαιτίραν
709 605 1097 696 προσηγορίανμάγιστρος
1116 606 1204 675 otto
1222 609 1358 699 ίτερονῆ

260 711 413 798 ίαπαρχός
427 715 506 780 ίστι·
531 720 586 798 τῆς
601 714 635 778 di
647 720 818 798 μεταβολῆς
830 721 884 780 τοῦ
896 710 1044 797 ὀνόματος
1058 713 1139 776 αἰτία
1155 710 1240 795 ἢτῆς
1254 717 1356 780 πλείο-

263 840 316 891 νος
340 818 477 894 ι’ξοασάις
502 814 672 904 ίιιικράτιια
699 818 809 902 γίγονι.
859 815 894 882 τό
923 815 984 903 γὰρ
1011 810 1178 901 μάγιστρος
1203 815 1354 903 όιμγικίιον

264 915 362 999 ὄνομα
385 919 471 985 osto
491 911 580 1004 ἦττον
598 916 762 1004 ἦγοόμενον
783 925 844 986 ταῖν
862 919 993 984 αὐλικῶν
1012 915 1186 1004 καταλόγων
1204 922 1353 1002 σημαίνει,

239 1015 305 1095 todo
326 1021 517 1109 τιροίφαμεν,
543 1024 575 1087 ἔν
594 1017 641 1099 οἷς
658 1021 678 1107 ἦ
695 1048 727 1088 τε
742 1022 849 1107 ἱππικὴ
865 1025 915 1087 καί
933 1018 953 1106 ἢ
972 1016 1141 1102 πεζομάχος
1159 1017 1286 1103 δάναμις
1301 1029 1356 1106 τῆς

260 1127 417 1204 βασιλείας
439 1132 615 1213 θεωρεῖται,
636 1129 679 1202 τίς
699 1128 829 1214 μυρίους
851 1126 1036 1210 σοναγομίνη
1061 1122 1252 1205 πολεμιστάς.
1303 1126 1357 1189 καλ

261 1227 420 1309 τοῦτομὲν
436 1226 530 1312 μόνον
544 1226 619 1312 εἶχεν
634 1225 651 1292 ὅ
665 1231 819 1316 ἵππαρχος
833 1227 868 1294 τό
885 1225 1066 1316 προνόμιον,
1092 1222 1109 1292 ὅ
1133 1226 1167 1291 di
1188 1226 1356 1312 μάγιστρος
1408 1241 1410 1245 ’

260 1327 295 1393 τό
319 1331 426 1410 πλόον,
450 1339 506 1416 τῆς
524 1333 682 1414 βασιλείας
701 1334 744 1408 είς
763 1338 908 1398 τοσοῦτον
927 1329 1010 1414 ipo<
1032 1328 1256 1413 άνενεχθείσης·
1287 1327 1354 1395 τότε

258 1431 314 1514 μίν
328 1431 387 1521 γάρ
402 1431 499 1519 μόνην
511 1435 567 1519 τὴν
578 1434 708 1500 Ἰταλίαν
719 1434 873 1518 sutorem
882 1431 1043 1515 Ῥωμαῖοι,
1068 1437 1121 1498 νῦν
1132 1434 1166 1498 d'e'
1178 1439 1255 1498 θεοῦ
1266 1439 1355 1520 προΐ-

221 1537 410 1616 tomentum
428 1544 530 1602 πάσαν
546 1535 624 1620 ὁμοῦ
638 1543 693 1620 γῆν
707 1563 738 1601 τε
752 1539 802 1600 καὶ
814 1534 977 1601 θάλασσαν
991 1527 1119 1618 ίχοοσιν.

363 1637 422 1705 25.
472 1641 537 1704 Καλ
559 1637 643 1715 ὅστις
660 1638 716 1721 μίν
733 1628 788 1702 οὖν
806 1634 974 1720 ὠνομάσθη
993 1635 1048 1720 τὴν
1066 1635 1163 1723 ἀρχὴν
1177 1631 1353 1722 μάγιστρος,

260 1736 316 1803 οὐκ
330 1735 389 1822 ipo)
401 1741 494 1824 λέγειν
508 1746 563 1823 τῆς
575 1740 711 1827 ἱστορίας
725 1737 873 1826 σιγάσης·
898 1739 969 1805 οὐδὲ
981 1739 1040 1826 γάρ
1055 1738 1114 1825 πρό
1128 1742 1353 1825 Μαρτινιανοῦ,

260 1839 296 1917 ὃς
308 1831 346 1926 ἦν
357 1838 417 1907 άπὸ
429 1844 563 1932 Λικινίῳ
574 1840 757 1930 μάγιστρος,
783 1841 878 1908 ἄλλον
889 1842 971 1920 τινὸς
984 1842 1189 1930 προσηγορίαν
1200 1838 1220 1925 ἡ
1235 1841 1353 1927 ἱστορία

259 1947 478 2032 παραδίόιοσιν.
528 1946 624 2012 αὐτοῦ
637 1946 670 2011 δὲ
681 1943 791 2012 τοάτοο
805 1942 865 2010 tut
879 1947 1012 2034 Λικινίῳ
1027 1943 1044 2010 ὃ
1057 1946 1286 2020 Κιονσταντῒνος
1298 1942 1354 2026 τὴν

219 2058 253 2112 15
261 2045 333 2130 ὅλην
355 2055 410 2130 τῆς
435 2050 592 2129 βασιλείας
613 2045 706 2126 μόνος
729 2047 890 2128 κατασχὼν
912 2049 1049 2124 ίξοοσίαν
1068 2045 1247 2113 Παλλάδιον
1261 2044 1354 2129 μόγι-

259 2174 351 2234 στρον
374 2154 429 2230 τῆς
454 2147 549 2229 αι’·λῇς
574 2143 811 2234 ίχειροτόνησιν,
831 2147 930 2234 ἄνδρα
942 2147 1064 2215 συνετόν
1079 2151 1129 2215 καὶ
1141 2146 1354 2236 ΠίρσαςῬοι-

257 2252 361 2332 μαίοις
374 2247 521 2337 πρότερον
536 2252 587 2315 καλ
600 2253 791 2338 Μαξιμιανῷ
802 2257 846 2339 τῷ
860 2252 892 2314 Γ
888 2252 997 2341 αλερίρι
1011 2251 1063 2317 διὰ
1078 2255 1238 2339 πρεσβείας
1253 2244 1353 2342 ψιλά-ι

259 2377 364 2419 σαντα.
413 2363 478 2430 τοῖς
487 2353 522 2418 δι’
534 2350 733 2442 λμιιρομίνοις
746 2351 819 2431 τοὺς
830 2355 939 2443 ἐφεξῆς
949 2355 994 2439 μὴ
1008 2354 1154 2442 ἀγνοῆσαι
1167 2348 1363 2443 μαγίστροος,

259 2454 347 2543 άχρις
371 2451 457 2540 ἡμῶν
481 2454 600 2544 άρκίσει
623 2455 701 2544 πρὸς
723 2458 922 2523 διδασκαλίαν
943 2459 1064 2545 Πίερος
1079 2456 1208 2525 insisto
1220 2453 1352 2545 μεγαλό-

216 2575 348 2648 Ξοφραιν
370 2563 421 2625 καί
444 2565 499 2644 τῆς
520 2555 658 2625 καθόλου
681 2557 818 2646 λστορίας
845 2560 988 2648 ἀσφαλὴς
1010 2559 1209 2640 διδάσκαλος,
1241 2563 1284 2644 δι’
1309 2552 1354 2626 ὧν

236 2729 238 2733 ,
258 2662 351 2740 αὐτὸς
367 2663 414 2728 su
432 2669 488 2728 τοῦ
502 2662 662 2749 λεγομίνοο
675 2665 874 2751 μαγισνηρίοο
890 2661 1095 2751 ἀνεγράψατο.

360 2765 420 2836 26·
469 2769 637 2854 Προῆλθεν
660 2757 755 2852 οάνῆ
778 2765 908 2851 όάναμις
926 2768 974 2831 snt
997 2768 1087 2833 τιλίον
1106 2771 1162 2851 τῆς
1177 2764 1290 2855 ἀρχῆς·
1315 2764 1352 2833 οὗ

327 2961 360 3016 16
387 2956 491 3030 odivit]
520 2954 612 3028 αάτῆε
634 2961 669 3018 0·
841 2963 875 3019 17
899 2961 1032 3018 recentior
1055 2980 1146 3018 manus
1168 2962 1350 3033 φτλιοίσαντα.

327 3032 360 3085 18
373 3025 556 3100 άμηρομίνοις
570 3032 604 3085 0.

257 3198 332 3254 antae
355 3203 521 3270 praefectus3
545 3220 627 3274 quere
649 3201 696 3273 qui
710 3203 853 3260 recentiori
870 3201 975 3258 nomine
990 3203 1115 3272 magister
1129 3203 1289 3275 appellatur,
1315 3201 1352 3256 nii

258 3267 328 3322 aliud
346 3269 397 3321 nisi
413 3271 536 3340 magister
552 3274 668 3343 equitnm
686 3281 745 3338 est3
771 3274 862 3328 mutati
879 3284 964 3327 nutem
981 3273 1092 3326 nominis
1109 3289 1188 3326 oausa
1203 3272 1254 3324 snit
1269 3270 1353 3324 maior

258 3346 376 3408 potestas
397 3336 435 3388 itti
459 3341 595 3395 attributa.
630 3341 729 3412 quippe
745 3343 863 3410 magistri
880 3343 1026 3398 officiorum
1042 3359 1135 3394 nomeu
1151 3357 1235 3409 aeque
1252 3340 1350 3394 aulico·

257 3424 313 3460 rum
331 3403 506 3475 catalogorum
523 3413 630 3478 ducem,
658 3419 688 3463 ut
703 3413 898 3494 praediximus,
921 3412 1066 3480 significat,
1085 3410 1180 3478 quibus
1197 3427 1254 3461 cum
1270 3427 1352 3480 eque·

257 3485 326 3529 atres
343 3485 397 3528 tum
415 3477 550 3544 pedestres
566 3479 732 3550 imperatorur
749 3481 851 3550 copiae,
867 3498 974 3534 numero
991 3480 1080 3532 decem
1098 3477 1169 3531 mitia
1186 3488 1352 3549 armatorum,

258 3545 434 3598 continentur.
470 3553 498 3597 et
521 3547 571 3600 hoc
593 3548 698 3617 quidem
721 3565 772 3602 uno
795 3552 934 3603 constabat
950 3547 1068 3617 magistri
1085 3548 1199 3616 equitum
1217 3557 1351 3618 potestas:

259 3623 287 3667 at
307 3613 432 3682 magister
455 3612 556 3683 potior,
581 3616 692 3687 imperio
716 3619 749 3670 ad
773 3628 871 3672 tantam
894 3618 1056 3670 altitudinem
1074 3624 1177 3670 evecto.
1212 3628 1265 3670 tum
1283 3618 1352 3671 enim

257 3683 338 3736 aotam
355 3682 455 3736 italiam
472 3682 642 3751 possidebant
657 3687 782 3740 Romani:
800 3705 869 3740 nunc
885 3697 981 3755 autem,
997 3687 1047 3740 deo
1060 3688 1233 3757 gubernante,
1250 3705 1351 3741 omnnem

256 3752 332 3806 simul
348 3762 444 3806 terram
462 3767 584 3820 mareque
599 3760 701 3810 tenent.

326 3821 370 3876 25.
405 3820 472 3885 Quis
497 3838 561 3872 vero
585 3824 681 3890 primus
704 3825 829 3894 magister
845 3824 991 3880 nominatus
1008 3823 1059 3892 sit,
1083 3824 1172 3878 dicere
1189 3842 1291 3895 nequeo
1306 3834 1348 3880 ta-

257 3891 333 3944 cente
351 3890 474 3944 historia:
492 3906 578 3958 nequo
595 3892 662 3946 enim
679 3904 740 3948 ante
758 3893 959 3964 Martinianum,
976 3894 1021 3964 qui
1039 3896 1088 3947 sub
1104 3894 1208 3947 Licinio
1226 3895 1351 3964 nsogister

257 3960 323 4026 fuit,
344 3958 409 4012 niius
427 3959 576 4027 cuiusquam
594 3977 686 4015 nomen
703 3963 814 4016 historia
830 3964 928 4033 prodit.
963 3965 1012 4016 sub
1030 3963 1080 4016 hoc
1096 3962 1154 4031 ipso
1175 3974 1260 4018 autom
1273 3964 1351 4020 Lici·

257 4027 300 4080 nio
319 4028 520 4094 Cotsstnntinus,
546 4027 616 4081 sotus
633 4038 689 4084 tota
704 4032 810 4102 imperii
825 4039 957 4102 potestate
973 4032 1088 4100 potitus,
1105 4032 1256 4100 magistrum
1275 4032 1350 4086 auiae

256 4095 399 4150 Palladium
425 4097 540 4163 creavit,
565 4097 649 4150 virum
673 4103 842 4171 prudentem,
867 4103 913 4172 qui
936 4101 1032 4154 Persas
1055 4101 1178 4154 Romanis
1198 4112 1225 4154 et
1241 4101 1349 4155 Galerio

256 4164 414 4220 Maximiano
430 4177 508 4220 mutes
527 4167 627 4236 legatus
642 4170 836 4225 conciliaverat.
871 4171 1006 4241 cupientes
1017 4187 1082 4222 vero
1093 4171 1263 4224 succedentes
1274 4170 1349 4224 dein-

257 4251 319 4303 ceps
344 4237 378 4289 ad
402 4254 449 4290 nos
473 4252 556 4306 usque
578 4235 715 4303 magistros
739 4257 791 4290 non
808 4240 930 4307 ignorare
946 4239 1011 4292 satis
1028 4241 1134 4293 docebit
1149 4239 1243 4293 Petrus
1261 4240 1304 4292 itte
1321 4238 1349 4291 in

256 4304 375 4357 omnibus
400 4305 518 4358 excelsus
543 4313 572 4359 et
596 4306 735 4358 universae
757 4308 883 4362 historiae
899 4318 987 4363 certus
1002 4318 1111 4376 auctor,
1136 4308 1213 4362 iniis
1231 4327 1299 4377 ‘luae
1315 4309 1348 4362 de

256 4372 406 4441 magisterio
423 4375 493 4444 quod
510 4384 607 4428 vocent
622 4374 789 4443 conscripsit.
913 4412 915 4415 -

322 4441 365 4496 26.
401 4442 494 4498 crevit
511 4444 593 4515 igitur
612 4452 730 4514 potestas
741 4443 929 4514 magistratus:
956 4445 1053 4503 etenim
1069 4465 1122 4502 non
1136 4455 1236 4500 tantum
1252 4445 1348 4516 depre-
