3125 4959
575 460 633 525 DE
656 460 865 527 MENSIBUS
889 459 948 527 1v.
1258 460 1309 529 97

209 628 302 697 τόπον
324 630 581 713 άτιομολιβοόται,
606 633 657 695 καὶ
681 628 808 713 salapia
831 627 889 713 όλη
909 629 964 694 οὔκ
979 627 1184 714 duossimus)
1209 631 1309 709 ἄλλως

210 760 242 800 τε
264 734 297 799 δέ
317 733 447 811 πολλοὺς
467 731 541 799 εἶναι
565 734 721 816 ποταμοὺς
743 734 928 815 ἐκκειμένους
949 742 992 822 τῷ
1013 732 1109 822 νότῳ,
1136 727 1179 801 τόν
1200 736 1309 801 οὐδένα

213 834 346 922 ὁρῶμεν,
379 839 486 922 καίπερ
513 834 730 923 ὑπερκειμένων
757 837 852 923 όριόν,
885 843 1124 925 πλημμυροῦντα
1146 844 1191 925 τῷ
1205 840 1309 922 θέρει.

212 942 396 1025 Εὐθυμένης
416 942 449 1005 δέ
474 937 489 1003 ό
513 939 747 1023 ίίίασσαλιιότης
767 942 841 1027 ιγησὶ
857 942 1037 1007 διαπλεῦσαι
1053 941 1108 1023 τὴν
1116 941 1309 1023 Ἀτλαντικὴν

187 1042 386 1122 ὁθάλατταν,
413 1046 445 1119 ἓξ
467 1044 578 1127 ε’κείνης
601 1070 632 1110 τε
657 1046 730 1109 ἰδεῖν
753 1042 806 1107 τόν
826 1048 939 1108 Νεῖλον
957 1045 1134 1129 ἐκτρέχοντα
1140 1094 1151 1124 ,
1176 1048 1226 1110 καὶ
1242 1040 1309 1110 τότε

211 1152 330 1229 μᾶλλον
352 1147 536 1231 όγκοόσθιιι,
559 1145 633 1211 όταν
655 1146 684 1211 oi
706 1142 856 1231 λεγόμενοι
875 1145 988 1230 ἐτήσιοι
1012 1150 1138 1213 πνέοισι·
1162 1146 1229 1213 τότε
1250 1147 1309 1232 γάρ

214 1252 306 1335 φησίν
327 1252 512 1327 ἐξωθεῖσθαι
533 1246 594 1313 άπὸ
615 1256 677 1316 τῶν
699 1246 818 1331 ἀνίμων
842 1248 898 1332 τὴν
925 1248 1103 1329 θάλατταν,
1136 1248 1257 1315 τοότων·
1276 1250 1310 1317 δέ

213 1356 391 1433 παυομένων
412 1350 581 1437 ἡσυχάζειν.
630 1352 724 1438 γλυκι)
747 1354 781 1417 δέ
803 1351 911 1433 σχεδόν
924 1351 960 1417 τό
975 1359 1031 1435 τῆς
1041 1353 1234 1437 Ἀτλαντικῆς
1246 1358 1306 1418 θα·

212 1452 325 1539 λάττης
341 1455 441 1541 ὕδωρ,
466 1458 517 1520 καί
534 1454 625 1538 ὅμοια
639 1456 678 1521 τὰ
694 1452 807 1539 ταότης
823 1458 920 1542 θηριά
936 1466 998 1533 τοῖς
1011 1462 1068 1521 τοῦ
1078 1457 1201 1521 Νείλου.
1253 1456 1308 1521 όν·
1325 1480 1352 1531 p·
1372 1464 1423 1519 113

171 1560 319 1643 1οτιλέγει
340 1560 373 1623 δέ
394 1562 444 1623 καί
464 1556 559 1645 τιιότῃ
578 1565 617 1645 τῇ
633 1557 706 1645 δόξῃ
720 1556 738 1623 ό
752 1558 881 1636 Σενεκδς
895 1558 1022 1648 φάσκων
1035 1558 1069 1623 τό
1082 1559 1137 1640 μέν
1148 1558 1242 1644 γλυκό
1257 1562 1309 1624 καὶ

214 1662 321 1725 λεπτὸν
340 1662 424 1748 ὕδωρ
443 1657 503 1727 ὑπὸ
522 1669 578 1726 τοῦ
599 1660 686 1745 ἡλίου
708 1659 954 1748 ἀναρπάζεσθαι,
979 1664 1030 1727 καὶ
1052 1659 1158 1747 τρόποι
1178 1660 1310 1728 ,ἅπασιν

213 1760 354 1850 ἁλμυρὰν
375 1761 449 1830 εἶναι
469 1770 571 1832 πᾶσαν
588 1764 769 1845 θάλασσαν,
797 1768 846 1829 καί
868 1767 964 1849 μηδὲν
985 1766 1100 1849 ἀληθές
1115 1761 1188 1830 είναι
1205 1773 1311 1830 τουτο·

215 1870 242 1931 εί
260 1867 319 1955 γὰρ
341 1874 430 1933 τοῦτο
452 1859 506 1951 ἦν,
536 1870 649 1957 καὶτῷ
664 1874 791 1951 χειμῶνι
811 1866 850 1933 όν
871 1869 1008 1938 ἐπιδίδου
1023 1865 1039 1934 ὅ
1052 1874 1180 1945 Νεῖλος,
1203 1871 1254 1932 καὶ
1268 1866 1311 1933 έτι
1379 1874 1382 1879 ’

213 1976 333 2050 μᾶλλον
347 1969 409 2061 όσηι
422 1973 471 2035 καί
487 1974 644 2057 βιαιοτέρα
661 1969 680 2053 ἦ
697 1978 756 2035 τῶν
769 1972 887 2053 ἀνέμων
900 1969 994 2059 copti.
1045 1969 1088 2036 έτι
1105 1972 1204 2036 δὲκαὶ
1220 1968 1312 2035 licui-

169 2081 207 2137 15
216 2074 272 2154 δης
286 2079 405 2155 μᾶλλον
420 2072 440 2157 ἢ
457 2065 585 2156 κυανόός
600 2076 755 2162 φαίνεται,
781 2072 854 2159 ὅπερ
870 2072 1030 2159 ἀλλότριον
1043 2076 1219 2138 θαλαττίων
1233 2063 1312 2137 iudi

213 2198 284 2237 των.
333 2176 412 2255 μεθ’
436 2168 479 2240 civ
501 2177 648 2262 Διογένης
667 2172 936 2259 όἈπολλωνιάτης
950 2179 1025 2262 ρησί
1041 2183 1097 2240 τοῦ
1107 2174 1193 2257 ἡλίου
1210 2173 1327 2262 ἁρπά-’

215 2277 316 2355 ζοντος
339 2277 394 2359 τὴν
416 2274 569 2361 ὑγρότητα
590 2282 733 2343 ἕλκεσθαι
755 2275 815 2343 sind
833 2284 888 2361 τῆς
907 2283 1002 2365 ξηρᾶς
1015 2278 1068 2343 τόν
1084 2284 1196 2344 Νεῖλον
1211 2279 1244 2343 lx
1258 2285 1313 2361 τῆς

214 2376 386 2461 θαλάττης·
413 2377 612 2464 σηραγγώδης
623 2378 681 2464 γὰρ
698 2380 777 2444 κατὰ
791 2379 885 2467 φάσιν
896 2380 1077 2467 ὑπάρχουσα
1092 2385 1142 2445 καὶ
1155 2384 1313 2468 διατετρη-

214 2481 290 2567 μένη
306 2482 383 2547 ἕλκει
398 2480 474 2567 πρὸς
490 2480 599 2566 ἑαυτὴν
615 2482 650 2547 τὸ
663 2478 771 2569 ὖγρόν,
798 2485 851 2546 καὶ
864 2477 927 2570 δσιγ
941 2488 1060 2563 μᾶλλον
1075 2485 1222 2569 ξηροτέρα
1238 2482 1258 2567 ἢ
1273 2490 1313 2569 γῆ

158 2570 272 2669 'morie
292 2582 467 2670 Αἰγύπτου,
509 2583 645 2674 τοσοότῳ
673 2586 774 2654 πλέον,
792 2586 868 2651 ἕλκει
894 2585 971 2672 πρός
989 2583 1100 2669 ἑαυτὴν
1122 2587 1179 2669 τὴν
1197 2588 1310 2663 νοτίδα,

214 2686 356 2773 καθάπερ
383 2688 417 2753 τό
443 2687 547 2760 ἔλαιον,
566 2692 612 2753 ἐπὶ
636 2694 697 2753 τῶν
723 2686 840 2772 λύχνων
860 2690 952 2755 ίκεῖσε
975 2690 1066 2755 πλέον
1083 2686 1166 2780 ὁρμᾷ
1183 2688 1243 2775 «inp
1260 2694 1310 2754 καί

215 2793 386 2855 δαπανᾶται
411 2786 470 2853 {und
498 2797 553 2854 τοῦ
576 2790 681 2877 πυρός.
732 2788 749 2853 ό
775 2794 808 2855 δέ
823 2790 993 2879 Ἡρόδοτος
1010 2792 1094 2879 παρὰ
1115 2790 1238 2858 πάντων.
1251 2798 1312 2859 τιόν

215 2899 361 2975 ποταμῶν
378 2894 472 2957 ἕλκειν
486 2892 538 2958 τὸν
555 2891 640 2975 ἣλιον
654 2888 797 2977 τίν’όγρόν
811 2918 888 2981 φησι
903 2895 958 2977 τὴν
974 2894 1133 2980 πρόσγειον
1149 2892 1237 2960 νότου
1254 2893 1311 2975 ζώ-

284 3020 485 3139 4Εόθυμέίης
501 3072 536 3124 V.
648 3067 719 3125 9τίι
735 3070 814 3141 vulgo
830 3088 882 3126 ona.
960 3072 1028 3126 ,18
1046 3069 1094 3125 καὶ
1110 3068 1310 3142 διατετρημένη

283 3136 451 3207 ὑπάρχουσα
468 3142 501 3195 Ρ.Ι
712 3146 714 3151 '

216 3300 322 3364 gentum
335 3301 421 3346 autem
435 3293 463 3346 in
476 3294 521 3346 illa
533 3294 643 3363 regione
654 3296 847 3366 replumhatua‚
861 3302 890 3349 et
901 3295 972 3349 nulla
983 3313 1037 3349 non
1049 3296 1159 3349 materia
1170 3294 1311 3377 liquescit)

216 3363 311 3417 incultos
327 3371 541 3433 praetereuesse
558 3365 654 3418 fluvios
672 3362 806 3434 expositos
823 3368 912 3430 Noto,
939 3382 1047 3447 quorum
1069 3365 1165 3417 nullum
1175 3366 1310 3431 uidemus,

236 3448 364 3501 uunquam
386 3434 453 3501 [sic]
479 3434 648 3502 superincent
670 3444 789 3503 montes,
818 3436 864 3504 qui
891 3435 967 3487 fluvii
995 3443 1097 3486 aestate
1122 3432 1307 3487 intumescunt.

244 3503 396 3569 uthymenes
418 3512 503 3553 aunem
523 3502 697 3555 Massiliensis
714 3522 744 3557 se
761 3504 902 3572 navigasse
919 3503 984 3555 dicit
1002 3502 1158 3570 Atlanticum
1173 3519 1259 3567 unare,
1280 3509 1309 3555 et

215 3572 278 3623 inde
295 3571 394 3623 vidisse
411 3570 499 3633 Nilum
513 3581 708 3640 excurrentem,
732 3573 777 3641 qui
792 3580 855 3625 tunc
870 3572 980 3625 maxime
995 3572 1151 3627 intumescat
1167 3586 1225 3623 cum
1239 3564 1308 3623 Ete-

216 3641 273 3692 siae
287 3640 332 3708 qni
346 3641 466 3694 dicuntur
479 3639 595 3708 spirant:
616 3649 679 3695 tunc
696 3642 764 3694 enim
781 3629 821 3695 ait
835 3642 925 3694 eiicia
943 3641 1029 3693 ventis
1047 3656 1133 3702 marea
1153 3638 1249 3710 quibus
1263 3655 1307 3694 re-

215 3708 363 3762 sidentibus
383 3710 498 3778 quietum
518 3710 575 3762 liat.
611 3711 693 3763 dulcis
717 3717 803 3763 autem
824 3727 909 3781 prope
928 3708 1053 3762 Atlantici
1074 3706 1154 3761 maris
1173 3726 1256 3778 aqna,
1279 3716 1308 3763 et

217 3777 316 3831 similes
331 3778 388 3831 eius
403 3777 496 3831 beluae
512 3778 646 3832 Niloticis.
682 3780 832 3848 obloquitur
853 3789 938 3832 autem
961 3778 1022 3830 huic
1042 3795 1147 3848 quoque
1160 3776 1309 3831 sententiae

217 3846 334 3914 Seneca,
363 3848 453 3901 dicens
470 3864 561 3915 aquam
581 3849 682 3901 dulcem
696 3868 727 3902 ac
741 3848 826 3901 levem
843 3865 859 3901 a
878 3847 933 3900 sole
950 3847 1033 3916 arripi
1048 3858 1076 3900 et
1088 3846 1172 3900 modio
1189 3845 1308 3899 omnibus

217 3914 313 3968 salsum
328 3935 386 3969 esse
403 3934 477 3969 omne
493 3934 578 3983 mure,
603 3926 631 3969 et
647 3918 712 3970 nihil
731 3934 822 3971 verum
838 3918 903 3969 lioc:
929 3916 953 3969 si
969 3918 1038 3969 enini
1053 3917 1104 3968 hoc
1118 3923 1205 3983 esset,
1230 3914 1309 3968 etiam

207 3982 303 4049 ¹hieme
317 3989 477 4039 redundaret
488 3985 573 4051 Nilus,
589 3986 670 4055 idque
688 4005 720 4040 eo
733 3987 816 4055 magis
830 4004 881 4057 quo
895 3986 1076 4039 vehementior
1087 3991 1224 4039 ventorum
1237 3990 1310 4038 acet

216 4052 339 4121 impetus.
374 4055 426 4108 ium
448 4072 512 4108 vero
538 4056 617 4107 etiam
640 4056 724 4125 inagis
747 4056 868 4109 turbidus
885 4072 963 4125 quam
977 4054 1113 4109 meruleus
1130 4061 1255 4123 apparet,
1278 4051 1308 4105 id

217 4122 287 4192 quod
304 4123 430 4195 abhorret
442 4126 478 4178 ab
496 4123 570 4195 equis
584 4124 701 4177 marinis.
738 4142 795 4178 cum
826 4125 903 4179 uibus
921 4125 1056 4192 Diogenes
1071 4122 1249 4192 Apolloniates
1268 4121 1308 4175 ait

217 4189 271 4243 sole
286 4189 418 4245 humorem
431 4196 464 4246 ad
479 4212 508 4248 se
519 4192 640 4277 rapiente
652 4193 742 4246 Nilum
759 4213 776 4247 a
791 4142 885 4247 tellure
897 4194 1029 4247 exsiccata
1045 4211 1060 4243 e
1077 4191 1142 4244 mari
1156 4190 1232 4243 ducis
1249 4206 1307 4243 cuna

219 4259 285 4311 einim
308 4268 402 4315 uictura
422 4262 518 4316 rimosa
536 4270 573 4315 snt
592 4270 622 4315 et
641 4263 794 4332 perforata,
817 4265 852 4316 ad
870 4281 900 4315 se
917 4262 1026 4315 attrahit
1042 4261 1189 4327 humorem,
1208 4269 1236 4314 et
1254 4276 1307 4330 quo

218 4328 315 4382 aridior
336 4338 378 4381 est
397 4339 471 4384 terra
491 4332 621 4402 Aegypti,
637 4348 669 4384 eo
687 4331 791 4401 plenius
806 4334 840 4385 ad
853 4350 883 4383 se
896 4330 1003 4384 adducit
1014 4331 1209 4398 humorem‚·ut
1223 4327 1308 4382 oleum

217 4398 246 4450 in
260 4398 371 4450 lucernis
387 4399 471 4451 fusius
489 4402 534 4455 illo
551 4402 611 4456 fluit
622 4401 668 4456 ubi
684 4409 712 4455 et
727 4400 847 4454 exoritur
858 4402 892 4453 ab
906 4401 977 4469 igne.
1005 4399 1158 4453 Herodotus
1172 4408 1258 4452 autem
1274 4415 1308 4451 ex

217 4467 335 4521 omnibus
347 4466 497 4523 fluminibus
512 4472 618 4525 trahere
633 4470 713 4527 solem
726 4471 860 4525 humorem
872 4470 951 4540 dicit,
968 4486 1026 4524 cum
1040 4485 1132 4522 zonam
1146 4468 1214 4522 Noti
1227 4468 1266 4536 (i.
1281 4484 1306 4519 e.
1378 4520 1386 4539 0

261 4546 369 4602 locanes
388 4547 484 4617 lodus.
1080 4544 1100 4599 7
