3125 4959
417 432 474 499 DE
499 425 835 497 MAGISTRATIBUS
858 425 895 495 Ρ.
918 424 960 496 R.
984 423 1064 495 un.
1085 423 1144 495 ΠΙ.
1253 426 1325 498 251

233 606 304 693 ἀρῶ.
350 599 499 688 Ἀντίοχός
511 627 558 680 τις
563 650 574 683 ,
599 598 659 686 ἤδη
672 600 769 691 γίριον
783 599 840 685 τὴν
852 595 980 685 ἡλικίαν,
1001 594 1140 684 ἓμηοόθη
1156 596 1329 689 αάεηδχρυ-

233 712 301 773 σίου
316 706 462 791 δεσπότης
478 703 554 772 είναί
562 726 660 782 τινος·
686 704 808 788 συσχολν
822 696 876 771 οὖν
894 702 986 769 αιἰτδν
998 706 1160 791 καλῳδίοις
1172 711 1330 789 στιβαροῖς

182 872 188 881 .
234 812 375 893 ἀνέδησεν
389 811 421 875 ίκ
434 818 547 896 χειροῖν
553 856 565 889 ,
589 809 647 886 ἕως
668 806 803 895 ἴξαρμος
819 802 977 893 γενόμενος
994 802 1011 870 ὃ
1034 806 1131 895 γίριυν
1152 806 1256 893 νεκρός
1268 813 1330 871 τῶν

236 918 355 993 δεσμῶν
368 910 578 998 ἠλευθερώθη.
629 910 743 995 ταύτης
754 909 813 997 ε’γολ
826 916 881 996 τῆς
890 911 1068 999 μιαιφονίας
1081 909 1187 995 γέγονα
1193 905 1330 996 θεωρός·

209 1012 406 1097 εήπιστάμην
421 1015 480 1103 γάρ
494 1014 545 1080 τάν
554 1014 715 1099 Ἀντίοχον.

336 1118 396 1187 58.
446 1121 566 1204 Πρᾶξις
578 1118 634 1201 μὲν
648 1109 702 1183 οὖν
716 1113 794 1201 αὕτη
809 1121 855 1205 τῷ
868 1111 1061 1201 Καππαδόκῃ
1075 1118 1183 1181 πασῶν
1196 1135 1327 1200 μετριω-

234 1214 321 1303 τάτη.
372 1222 422 1284 καὶ
437 1220 501 1285 είθε
520 1226 593 1306 γοῦν
609 1218 703 1304 μόνος
719 1229 786 1297 ταῖς
803 1219 934 1297 ἀδικίαις
950 1217 1144 1306 ίνηγρόπνειί
1170 1212 1329 1303 Βριάρεως

235 1323 269 1387 δι’
283 1318 424 1411 καθάπερ
438 1320 453 1388 ὅ
470 1328 526 1388 τοῦ
540 1322 647 1407 μόθου
666 1324 779 1410 μυρίας
796 1332 903 1409 χεῖρας
922 1321 998 1406 ἔχειν
1018 1331 1082 1399 τοῖς
1093 1328 1231 1404 ποιηταῖς
1245 1320 1329 1404 λίγε·

233 1449 295 1504 ται,
322 1424 419 1503 οὕτως
495 1426 605 1504 ἐκεῖνος
628 1422 770 1513 ἀλάστωρ
790 1424 932 1512 ἀπείρους
952 1422 1123 1511 ὕπουργοδς
1141 1428 1204 1489 τῶν
1226 1426 1331 1487 κακῶν

195 1539 228 1591 10
236 1523 310 1610 δ’χων
325 1528 379 1592 οάκ
394 1529 442 1592 ini
455 1535 509 1612 τῆς
516 1529 671 1612 ’βασιλέως
684 1526 777 1612 μόνον
791 1521 956 1619 είργάζετο,
981 1526 1052 1592 ἀλλ’
1064 1528 1111 1591 ini
1125 1521 1224 1591 πάντα
1236 1521 1330 1590 τόπον

234 1656 266 1695 τε
283 1632 334 1694 καὶ
346 1628 451 1719 χῶραν
464 1632 624 1697 ἀπίστελλε
639 1631 711 1709 τοδς
722 1628 847 1715 ὁμοίους
858 1630 952 1719 nimpi,
977 1631 1063 1713 δίκην
1076 1626 1265 1713 ίξειπόεηρος
1278 1626 1332 1691 τδν

235 1730 411 1815 ἁπανταχοῦ
429 1732 621 1800 λανθάνοντα
635 1736 709 1813 τίσις
722 1733 833 1816 δβολδν
847 1732 1042 1816 ἀνιμεόμενος.
1092 1734 1125 1801 ἐκ
1137 1732 1172 1797 δὲ
1180 1737 1242 1797 τῶν
1255 1734 1331 1793 πολ-

235 1840 297 1899 λῶν
312 1834 378 1911 ivo<
391 1837 466 1921 πρὸς
481 1835 632 1915 ἀπόδειξιν
645 1846 699 1921 τῆς
713 1844 775 1904 τῶν
787 1841 901 1902 λοιπῶν
913 1836 1077 1921 βδελυρίας
1092 1829 1331 1917 ἀναμνησθήσο-

234 1963 301 2019 μαι.
326 1934 487 2021 ὁμώνυμός
501 1932 597 2022 τιςῆν
613 1940 707 2027 αὐτῷ,
722 1938 799 2027 πρός
811 1939 916 2024 γόνους
928 1935 1024 2025 ίγγδς,
1042 1937 1119 2024 ἀνὴρ
1138 1934 1213 2022 ὕπίρ
1229 1941 1332 2000 πᾶσαν
1429 2024 1432 2027 ᾗ

196 2046 229 2102 15
239 2040 371 2105 ἐπίνοιαν
387 2038 540 2124 θεηλάτου
560 2042 684 2119 κακίας,
718 2039 930 2123 Καππαδόκης
949 2043 1004 2124 μίν
1024 2043 1074 2104 καλ
1098 2036 1207 2116 adroic,
1231 2039 1282 2101 καί
1298 2037 1333 2101 ἔκ

236 2139 331 2223 μόνης
346 2150 400 2224 τῆς
414 2150 470 2208 τοῦ
492 2141 634 2224 σώματος
649 2145 810 2225 διασκευῆς
830 2141 866 2207 τό
888 2141 1038 2229 βδελυρόν
1053 2146 1108 2223 τῆς
1124 2146 1228 2224 ψυχῆς
1243 2139 1332 2203 ἔκκα-

238 2238 368 2306 λόπτιον.
401 2236 439 2323 ἦν
454 2245 509 2323 μὲν
523 2242 582 2328 γάρ
595 2270 642 2321 τις
656 2243 848 2333 πολόσαρκος
861 2247 912 2309 καλ
928 2242 1065 2331 περιττός
1076 2242 1132 2327 τὴν
1147 2242 1230 2324 ὄψιν,
1252 2236 1333 2305 πλά-

237 2368 281 2408 τει
295 2345 352 2425 μὲν
367 2341 499 2432 ἀμόρφῳ
514 2346 565 2408 καὶ
580 2352 676 2430 κρεῶν
690 2344 893 2431 περιττώμασι
909 2346 967 2424 τάς
978 2345 1121 2430 σιαγόνας
1136 2343 1332 2431 ἴξῳδημίνος,

232 2448 287 2524 καὶ
302 2452 347 2535 τῷ
360 2441 449 2533 βάρει
466 2452 528 2522 τῶν
547 2452 670 2531 σαρκῶν
685 2443 736 2512 oia
757 2444 896 2530 μανδάην
911 2445 1125 2533 ἀποκρεμάσας
1140 2451 1196 2510 τοῦ
1210 2442 1333 2531 προσώ--

194 2556 312 2614 touoo·
336 2554 398 2613 τῶν
416 2544 562 2613 θυλάκιον
579 2546 898 2632 μαξιλλαπλουμάκιον
912 2548 1005 2614 αάτάν
1027 2545 1044 2612 δ
1066 2551 1164 2631 δῆμος
1180 2543 1333 2612 ἀπεκάλει.

236 2642 326 2727 οὗτος
347 2646 569 2735 ὅΚίρβεροςὸ
591 2648 802 2739 καρχαρόδους
822 2650 923 2728 κοινδς
940 2653 997 2735 μὲν
1014 2647 1173 2735 ίτάγχανεν
1190 2647 1331 2715 ἀπάντων

237 2751 382 2840 ἀλεθρος,
406 2751 510 2836 τὴνδ’
527 2752 603 2836 ἐμὴν
621 2754 845 2843 Φιλαδέλφειαν
863 2751 962 2832 οὕτως
981 2754 1024 2833 εἰς
1045 2754 1152 2819 λεπτὸν
1171 2748 1332 2838 ἀπεμασ-ά-
1356 2782 1361 2790 ’

304 2943 439 3013 7μόναις
454 2946 489 3000 C.
608 2946 627 3001 9
653 2952 715 3018 poet
741 2939 833 3010 οὕτως
857 2947 952 3002 literne
979 2947 1079 3018 sliqnot
1105 2946 1261 3002 exstinctae.
1294 2948 1330 3001 1³¹.

305 3010 478 3084 ἀπονργοδς]
492 3014 642 3069 coniectura
654 3034 688 3069 ex
703 3016 823 3087 reliqniis
839 3016 982 3071 literarum.
998 3020 1033 3073 F.
1085 3017 1119 3070 14
1134 3016 1266 3070 recentior
1278 3034 1333 3068 me-

306 3100 355 3139 uus
369 3082 441 3155 πρὸς
457 3082 570 3154 pivone:
585 3084 670 3156 prime
683 3085 752 3139 euim
768 3082 841 3155 πρὸς
855 3084 944 3156 γένος.
1006 3123 1009 3127 -
1057 3088 1090 3143 18
1105 3082 1282 3155 ίξοιδημὲνος
1297 3085 1331 3137 c.

237 3252 449 3323 quemadmodum
466 3272 603 3339 exponen.
636 3254 792 3310 Antiochum
808 3259 936 3326 quendem
954 3255 1006 3310 ism
1030 3273 1119 3310 senem
1136 3254 1194 3308 euri
1213 3253 1332 3307 nonnihil

238 3321 390 3391 possidere,
414 3324 439 3376 ei
457 3325 647 3377 indicaverunt.
682 3334 830 3395 correptum
846 3327 936 3395 itaque
951 3324 1025 3379 duris
1044 3325 1166 3379 tuniculis
1183 3322 1332 3382 emenibus

238 3390 385 3511 ἱειρρειιδίι,
400 3393 483 3475 donec
495 3393 731 3515 τολογιλεωίιιιρσριιτίο
747 3411 829 3448 senex
844 3404 995 3517 minum
1008 3394 1120 3515 vppculis
1137 3393 1262 3447 liberatus
1279 3401 1330 3445 est.

258 3476 316 3513 unus
334 3476 383 3527 ego
400 3477 499 3513 nectes
519 3480 549 3515 ec
606 3479 620 3514 r
648 3479 688 3514 un:
708 3479 831 3516 noveram
846 3481 915 3517 onem
996 3480 1096 3516 ocum.

307 3528 351 3582 58.
386 3480 624 3598 Fecinuepquidem
646 3531 696 3585 hoc
713 3531 825 3584 omnium
843 3532 1009 3603 Cappadocis
1024 3529 1270 3585 moderatissimum
1288 3534 1330 3581 et·

237 3614 291 3667 que
308 3596 403 3650 utinum
421 3597 490 3650 eolus
507 3598 597 3668 utique
614 3600 718 3653 iniuriis
735 3599 914 3669 invigilasset!
948 3618 1039 3655 verum
1055 3600 1179 3656 Briareus
1191 3596 1274 3650 veluti
1286 3598 1328 3649 ie-

238 3666 317 3719 bulse
335 3674 473 3719 sexcentae
490 3683 579 3720 menne
594 3668 691 3722 hebere
706 3686 723 3721 e
740 3668 828 3739 poetis
844 3669 954 3739 dicitur,
978 3670 1018 3723 sio
1093 3666 1210 3723 nefarius
1228 3666 1270 3717 ille
1287 3667 1330 3717 in-

238 3751 359 3789 numeros
376 3734 500 3787 melorum
516 3734 649 3789 ministros
665 3737 762 3792 hebens
779 3756 832 3791 non
847 3745 948 3792 tentum
963 3739 1131 3806 imperatorie
1144 3736 1173 3787 in
1185 3738 1250 3788 nrbe
1266 3753 1329 3803 ege-

238 3806 293 3870 bet,
310 3806 358 3856 sed
374 3804 402 3856 in
416 3820 516 3857 omnem
528 3803 612 3857 iocum
627 3806 813 3876 regionemque
825 3806 867 3859 sni
881 3806 979 3860 similes
996 3807 1124 3873 mittebat,
1142 3804 1243 3857 heustri
1258 3820 1331 3856 more

238 3872 387 3942 ubicunque
404 3874 528 3926 latentem
543 3872 675 3943 hueusque
689 3876 794 3929 obolum
811 3875 944 3928 hauriens.
978 3893 995 3927 e
1011 3874 1096 3927 multis
1112 3890 1176 3927 nero
1193 3874 1225 3926 ad
1241 3873 1330 3925 decie-

238 3943 345 3994 rnndem
371 3952 516 3995 ceterorum
540 3940 699 4010 impietatem
718 3945 796 3997 unius
817 3944 974 3997 mentionem
998 3943 1101 3996 seriem.
1148 3951 1206 3995 eret
1225 3941 1330 4009 quidem

238 4009 355 4063 eiusdem
368 4028 425 4063 curn
441 4010 487 4062 iiio
503 4009 629 4079 nominis,
654 4012 696 4065 vir
711 4031 791 4084 super
806 4031 906 4067 omnem
923 4013 1108 4081 cogitationem
1123 4011 1210 4064 sutelis
1230 4010 1329 4078 impro-

239 4078 338 4147 bitatis,
356 4080 500 4150 Cappadox
517 4086 545 4131 et
561 4078 628 4149 ipse,
643 4081 751 4151 soloque
764 4082 883 4152 corporis
898 4082 988 4136 habitu
1000 4081 1127 4150 impurum
1141 4080 1251 4132 animum
1266 4094 1328 4146 pro-

238 4148 313 4200 dens.
348 4149 489 4201 eratenim
504 4149 641 4202 admodum
656 4168 779 4204 carnosus
792 4152 907 4221 quidem,
927 4158 955 4203 et
967 4148 1124 4205 redundanti
1139 4148 1223 4212 iecie;
1240 4146 1329 4199 letitn-

238 4216 301 4267 dine
321 4218 424 4286 quidem
443 4216 564 4285 informi,
588 4225 615 4271 et
630 4219 739 4273 maxillis
757 4220 907 4274 luxuriante
926 4234 1005 4271 cerne
1023 4217 1196 4284 tumentibns,
1215 4214 1329 4276 carnium

206 4321 209 4329 .
239 4286 354 4351 pondere
375 4286 451 4354 queri
469 4287 598 4340 menduen
613 4303 629 4338 a
645 4287 718 4340 vultu
732 4289 880 4343 demittens.
916 4290 950 4340 eb
963 4287 1065 4341 utribus
1081 4283 1329 4353 Mexiilothyiecium

239 4368 297 4405 eum
313 4354 391 4422 vulgo
413 4356 554 4409 vocabunt.
589 4355 721 4411 cerberus
746 4360 790 4411 hic
814 4357 899 4412 scutis
918 4356 1040 4409 dentibus
1061 4357 1202 4409 communis
1244 4353 1329 4405 niden

239 4430 297 4474 eret
313 4422 424 4478 omnium
440 4424 588 4495 pernicies:
609 4441 692 4479 meum
710 4445 773 4482 vero
793 4426 1000 4498 Philodelphisru
1018 4425 1058 4480 ite
1077 4424 1180 4495 penitus
1199 4372 1328 4489 eiiausit,
