3125 4959
438 419 495 486 DE
520 413 851 485 usulsrufflsus
874 415 911 482 P.
935 415 976 482 R.
1000 416 1078 483 unt
1103 416 1129 484 l.
1256 418 1328 490 159

339 587 401 662 47.
447 587 659 680 Ἀδωρότορας
679 589 708 655 oi
722 587 867 673 Ῥωμαΐοι
889 588 960 666 τοδς
984 585 1162 672 ἀπομάχους
1184 595 1328 656 καλοῦσιν

236 692 381 782 (δδωρία
401 694 459 780 γὰρ
480 694 550 759 κατ’
571 691 717 778 αότοδςη
733 701 788 760 τοῦ
802 693 935 775 πολίμου
952 692 1068 778 λίγιται
1085 689 1176 771 δόξα,
1197 693 1256 758 όπδ
1273 700 1327 776 τῆς

238 799 318 878 ζιίας
331 800 381 863 καί
394 803 448 880 τῆς
461 803 550 882 τιμῆς
563 802 624 863 τῶν
640 798 711 862 ποτὲ
727 798 916 880 τιμηθέντων
931 795 1072 878 αότοΐς),
1095 795 1275 882 βιτιρανοδς
1292 797 1328 862 δὲ

236 899 310 977 τοὺς
324 897 558 987 ἓμμγηραιιότας
570 908 634 976 τοῖς
645 897 749 977 ὅπλοις
774 896 947 987 (μόρτυρες
964 899 1081 974 Κίλσος
1092 923 1124 964 τε
1137 901 1187 964 καί
1201 897 1326 985 Πότερ-

210 1016 288 1079 5νος
313 1005 362 1069 καί
389 1005 570 1080 Κατιλίνας,
596 1002 653 1086 οδχ
673 1001 691 1068 ὃ
714 1000 893 1087 συνωμότης
908 1001 977 1067 ἀλλ’
997 1002 1113 1088 ίτερος,
1139 998 1252 1067 Κότων
1267 1001 1326 1088 πρδ

237 1105 338 1171 αὐτῶν
349 1101 367 1171 ὁ
380 1113 499 1192 πρῶτος
514 1107 565 1170 καὶ
581 1109 762 1192 Φροντῖνος,
786 1105 864 1189 μεθ’
882 1104 936 1183 οδς
950 1101 1165 1184 καίῬενότος,
1184 1100 1328 1187 Ῥωμαῖοι

236 1205 344 1286 πάντες
351 1257 362 1287 ,
383 1206 535 1292 Ἑλλήνων
563 1210 597 1274 δὲ
622 1208 772 1287 Athenae
799 1208 859 1274 καί
873 1205 1048 1296 Ἀρριανός,
1072 1209 1217 1287 Αίνείας,
1238 1202 1328 1272 Ὀνό-

235 1315 386 1398 σανδρος,
411 1310 565 1397 Πάτρων,
586 1309 813 1399 Ἀπολλόδωρος
828 1315 859 1376 δν
876 1321 939 1388 τοῖς
954 1315 1222 1397 Πολιορκητικοῖς,
1246 1308 1325 1392 μεθ’

234 1413 288 1492 οὓς
301 1414 463 1492 Ἰουλιανὸς
479 1411 495 1478 δ
510 1415 653 1497 βασιλεδς
668 1417 700 1480 ίν
715 1425 779 1492 τοῖς
794 1417 1004 1498 Μηχανικοῖς,
1025 1405 1068 1480 ὧν
1083 1410 1100 1479 δ
1120 1418 1284 1501 Φροντῖνος
1296 1415 1327 1477 ίν

194 1527 228 1582 10
236 1524 280 1606 τῷ
295 1516 334 1580 de
350 1519 495 1597 ollociati,
517 1517 583 1584 ἀντὶ
595 1525 650 1584 τοῦ
663 1519 695 1582 ίν
705 1525 749 1606 τῷ
763 1521 831 1603 περὶ
845 1519 1038 1605 στρατηγίας,
1055 1514 1178 1602 μνήμην
1190 1527 1327 1592 ποιεῖται,

235 1622 287 1684 καί
304 1621 497 1697 Κλαυδιανδς
514 1621 547 1686 δέ
563 1611 651 1698 οὗτος
664 1618 680 1685 ὅ
691 1617 892 1708 Παφλαγών,
917 1617 934 1685 δ
948 1617 1091 1705 ποιητής,
1116 1620 1149 1684 ἓν
1161 1626 1205 1708 τῷ
1216 1617 1328 1707 πρώτην

234 1731 296 1788 τῶν
313 1727 494 1800 Στιλικῶνος
508 1725 700 1809 ἐγκωμίων),
725 1726 855 1811 τίρωνας
869 1724 904 1789 δὲ
920 1723 990 1801 τοδς
1005 1720 1179 1802 ταπεινοός,
1204 1719 1327 1799 ὁποίους

234 1821 309 1892 εἶναι
328 1829 486 1910 συμβαίνει
503 1827 581 1892 καθ’
603 1824 685 1911 ἦμᾶς
703 1827 775 1904 τοδς
797 1828 973 1912 λιγομίνους
996 1823 1206 1914 Τριβαλλούς·
1232 1823 1329 1902 οὕτως

154 1997 156 2000 .
235 1931 268 1994 δὲ
283 1930 355 2006 τοδς
370 1931 487 2007 Βίσους
497 1930 656 2017 Ἀρριανὸς
672 1932 704 1996 ἓν
721 1939 785 2007 τοῖς
798 1933 867 2018 περὶ
879 1917 1076 2017 Ἀλεξάνδρου
1094 1925 1328 2016 προσηγόρευσε.

193 2041 227 2098 15
237 2033 288 2097 διδ
309 2031 367 2120 γὰρ
390 2035 494 2098 πενίαν
514 2036 564 2098 καί
588 2031 684 2118 μόνην
700 2036 837 2100 διδοῦσιν
852 2031 980 2111 ἓαυτοδς
996 2033 1024 2098 oi
1041 2029 1191 2118 λεγόμενοι
1207 2035 1329 2119 τίρωνις

233 2139 276 2212 οἷς
296 2132 460 2222 δπηρεσιάν
483 2142 544 2201 τῶν
567 2137 693 2221 ἀληθῶς
717 2137 980 2223 στρατευομένων,
1007 2135 1042 2200 οδ
1066 2136 1129 2219 μὴν
1152 2135 1230 2212 ἄξιοι
1254 2135 1328 2209 τίως

232 2247 413 2324 στρατιῶται
427 2245 587 2305 καλεῖσθαι
603 2240 622 2324 ἢ
641 2238 719 2317 ὅλως
734 2241 766 2305 ἓν
783 2239 911 2327 ἀριθμῷ
928 2240 1022 2323 [τέως]
1039 2236 1186 2322 τετάχθαι
1202 2237 1253 2303 διδ
1269 2237 1327 2319 [δι’]

231 2339 266 2407 si
281 2341 400 2426 πτωχόν
414 2350 469 2427 τῆς
481 2339 575 2426 τόχης
587 2346 638 2408 καὶ
651 2342 775 2430 όπειρον
789 2349 844 2426 τῆς
855 2341 967 2428 μάχης.
1005 2341 1077 2408 οόδί
1091 2341 1150 2430 γὰρ
1167 2339 1273 2428 ίηιτδν
1288 2331 1327 2422 ἦν

230 2441 306 2531 δπέρ
319 2449 464 2534 πατρίδος
478 2449 504 2512 sl
515 2443 604 2533 μήγε
620 2447 693 2524 τοδς
704 2447 887 2534 εὐπατρίδας
904 2446 1126 2531 ἀγωνίσασθαι.
1167 2440 1328 2526 Διόδωρος

189 2553 304 2634 mycen
325 2550 357 2614 ἓν
382 2550 507 2642 δευτίρρ
530 2553 748 2634 Βιβλιοδηιιῶν
772 2551 848 2636 φησὶ
869 2547 1014 2626 Σόλωνα,
1039 2549 1071 2611 ἓν
1092 2540 1242 2634 Αίμόπτηι
1262 2569 1327 2627 μα·

300 2736 347 2798 7δ
359 2740 516 2812 νήσανδρος
526 2743 559 2798 C.
628 2737 818 2809 9Ἰουίιανδς]
827 2759 921 2796 nomen
932 2747 1024 2813 aperte
1034 2741 1214 2814 depravatum,
1227 2739 1327 2796 sisara

300 2819 361 2865 suunt
376 2830 444 2881 quac
460 2819 616 2882 sequtuntnro
633 2813 668 2866 F.
756 2813 788 2867 10
802 2813 940 2880 legendnm
953 2813 1023 2865 l'orts
1038 2812 1070 2865 δα
1084 2815 1173 2880 officio
1185 2813 1271 2880 legati
1284 2811 1325 2878 (iel

298 2891 340 2934 est
352 2882 449 2949 (lucis).
486 2892 600 2936 ceterum
613 2881 657 2936 hic
668 2900 737 2936 novo
748 2901 780 2936 ae
791 2883 879 2935 valido
895 2889 1046 2948 argomento
1058 2891 1161 2935 constat
1170 2881 1326 2936 Frontinum

298 2959 405 3020 praeter
433 2958 623 3020 strategemata
656 2951 726 3002 alind
753 2952 787 3002 δυ
814 2950 928 3002 scicntia
954 2948 1061 3001 militari
1088 2967 1154 3019 opus
1176 2949 1325 3019 scripsisse.

299 3020 335 3069 ci.
351 3019 368 3071 3
383 3019 411 3071 3.
436 3017 472 3072 F.
603 3021 634 3070 11
653 3018 751 3083 locum,
769 3034 845 3087 quem
861 3019 953 3086 Lydus
968 3018 1103 3090 respicere
1119 3018 1239 3084 videtur,
1255 3034 1282 3072 v.
1296 3017 1325 3070 in

298 3085 412 3137 carmine
430 3088 551 3138 decons.
569 3085 642 3138 hlall.
657 3087 762 3139 Theoti.
776 3104 803 3139 ι’.
820 3087 880 3142 181.
897 3088 932 3142 F.
1037 3085 1071 3143 14
1085 3084 1274 3158 προηγόρευσε
1290 3087 1326 3142 C.

300 3153 332 3208 15
348 3153 462 3208 δίδωσιν
478 3155 511 3208 (l.
617 3155 649 3209 18
666 3173 693 3210 v.
711 3157 746 3210 ad
764 3158 778 3210 l
796 3157 841 3214 37.

297 3324 342 3380 47.
375 3324 535 3380 hdnralores
552 3326 663 3379 Romani
680 3328 804 3381 emeritos
824 3327 920 3382 milites
940 3336 1036 3383 vocant
1052 3328 1169 3394 (adorea
1182 3327 1250 3380 enim
1265 3327 1324 3381 illo·

228 3411 285 3446 rnm
301 3412 420 3447 sermone
438 3396 498 3448 belli
515 3396 600 3464 gloria
616 3397 722 3464 dicitur,
740 3415 756 3450 s
773 3399 844 3449 farre
858 3398 996 3450 ethonore
1012 3414 1100 3450 eorum
1116 3416 1181 3466 quos
1195 3398 1324 3467 «inondum

229 3465 458 3530 honoraverunt),
478 3474 617 3517 veteranos
632 3476 731 3533 auteur,
750 3466 796 3534 qul
809 3467 886 3520 armis
901 3467 1049 3519 insonuere.
1086 3478 1168 3519 testes
1182 3477 1243 3519 suut
1260 3467 1323 3519 Cel-

228 3549 288 3598 sus,
306 3531 449 3597 Paternus,
469 3532 581 3585 Catilina
599 3536 671 3600 (non
687 3534 836 3588 coniuratus
851 3535 910 3601 ille,
926 3536 973 3587 sed
989 3534 1089 3603 alius),
1108 3546 1169 3589 arua
1183 3535 1240 3588 illos
1254 3536 1325 3590 Cato

228 3601 311 3654 unior
328 3609 356 3654 et
372 3599 533 3669 Frontinus,
553 3611 613 3669 post
627 3619 692 3670 qtros
711 3613 739 3657 et
753 3605 885 3669 limatus,
904 3603 948 3671 qui
964 3621 1051 3656 omnes
1065 3605 1189 3672 Romani3
1207 3625 1222 3658 e
1237 3606 1325 3659 Grae-

228 3669 266 3724 cis
283 3687 347 3721 vero
364 3669 503 3736 Aelianus,
527 3669 670 3738 hrriunns,
693 3673 812 3739 Aeneas,
836 3673 1005 3740 Onosuruler‚
1023 3672 1136 3741 Patron,
1152 3674 1325 3744 Apollodorus

226 3739 255 3792 in
276 3737 472 3806 Poliorceticis,
497 3747 565 3808 post
581 3756 648 3807 quos
670 3741 785 3794 lulianus
807 3741 950 3810 imperator
971 3741 999 3794 in
1018 3741 1179 3797 hlechanicis
1196 3746 1325 3812 (quorum

227 3807 371 3863 Frontinus
390 3807 544 3860 intentionem
561 3809 626 3861 lacit
643 3808 670 3860 in
689 3808 756 3864 libro
776 3809 939 3863 descientia
952 3811 1090 3878 militari),
1109 3831 1157 3865 nec
1175 3830 1226 3865 non
1244 3812 1325 3865 Clau-

227 3877 320 3938 diauus
341 3875 385 3929 ille
409 3876 576 3946 Paphum,
601 3887 695 3946 poeta,
720 3880 747 3933 in
767 3880 836 3932 libro
857 3880 941 3948 primo
965 3882 998 3933 ‹le
1019 3880 1138 3935 laudibus
1159 3880 1326 3934 Stilichonis.

227 3945 328 4000 tirones
341 3955 426 3997 autem
440 3946 573 4015 appellant
589 3946 712 4014 humiles,
736 3949 833 4018 quales·
845 3966 914 4002 nnnc
928 3959 990 4002 sunt
1006 3949 1051 4018 qui
1069 3950 1181 4003 Triballi
1198 3960 1327 4013 vocantur

229 4015 298 4082 (quo
313 4013 417 4066 nomine
431 4015 527 4067 Bessos
546 4015 672 4069 Arrianus
689 4015 717 4069 in
733 4018 765 4071 iis
781 4035 850 4088 qnae
867 4019 901 4070 δυ
917 4018 1065 4073 Alexandro
1084 4019 1190 4088 scripsit
1208 4019 1323 4088 appella-

229 4083 297 4150 vit).
332 4081 429 4136 etenim
445 4083 525 4136 solam
540 4095 650 4154 propter
665 4094 825 4154 egestatem,
842 4087 888 4155 qui
904 4086 1005 4141 tirones
1018 4097 1160 4155 vocantur,
1177 4106 1241 4141 vere
1256 4087 1324 4141 mili-

228 4153 344 4205 tantibns
370 4151 507 4216 serviunt3
530 4170 616 4222 neque
637 4173 701 4208 vero
721 4156 816 4209 milites
832 4155 883 4208 ism
904 4157 1055 4226 appellandi
1072 4166 1135 4210 sunt
1152 4167 1198 4211 aut
1220 4156 1323 4208 omnino

228 4219 314 4286 ahquo
331 4221 359 4274 in
374 4238 480 4274 numero
494 4224 625 4290 ponendi,
642 4233 696 4277 tum
709 4236 819 4294 propter
833 4227 954 4278 fortunae
967 4225 1136 4279 humilitatem
1149 4237 1202 4279 tum
1215 4235 1326 4294 propter

228 4291 360 4410 ρρβρορὶιηριί
385 4289 524 4412 ἰῑροοίιὶριιη.
559 4309 645 4414 ουρηριυ
662 4293 735 4417 llll
761 4312 810 4364 pro
832 4294 917 4416 plusti·
941 4312 1059 4417 μορρὶὶτο
1083 4295 1201 4417 cuiqnndru
1219 4294 1324 4415 1l3icbclliout

226 4425 335 4491 thecae,
351 4377 389 4480 seii
405 4375 536 4483 δαδδιιδιιιο
544 4379 627 4499 διόδου,
644 4381 721 4501 ηαόδι
732 4381 1066 4504 δδυδόςυγιμίδῃδίδδδὶοιοδῗ
1080 4382 1165 4502 lew
1177 4382 1321 4488 lusciniol-
