3125 4959
278 417 354 493 402
404 418 515 488 nasu
531 415 813 492 anmantuus.
832 415 878 486 ln
899 411 1063 486 LIBRUM
1082 417 1140 486 DE
1158 416 1374 488 ostanus.

184 635 187 639 .
216 597 218 602 ·
280 585 396 665 logium
412 585 489 645 latas
508 603 573 644 esse
589 561 698 658 rideo,
717 602 788 645 cum
803 579 927 643 eaedem
941 603 988 642 res
1001 581 1245 644 diversisdiebus
1261 585 1375 665 passim

279 673 425 732 iterentur
447 672 551 750 (velut
569 667 720 728 fidiculam
737 672 870 748 incipere
891 670 1032 728 occultari
1055 680 1085 727 et
1105 669 1125 730 7
1144 668 1295 728 Kalendas
1314 672 1374 728 Fe-

279 757 415 816 bruarias
441 756 609 833 iterumque
632 757 669 827 6,
699 764 730 812 et
749 764 898 832 postremo
919 755 993 832 ipsis
1013 751 1156 812 Kalendis
1175 753 1373 834 Februariis),

280 850 404 919 apparet
425 840 470 911 cl,
488 842 623 897 Tuscum
638 849 773 896 secutum
789 859 854 898 esse
869 837 1037 897 calendaria
1055 837 1193 896 sideralis
1209 842 1371 918 complura,

280 927 340 983 alia
361 925 485 983 fortasse
505 922 544 982 ad
563 927 749 998 Romanum,
770 925 828 981 alia
849 923 887 980 ad
906 921 1158 996 Alexandrinum,
1181 926 1239 981 alia
1256 923 1294 982 ad
1307 929 1372 984 An-

280 1006 409 1068 tiochiae
423 1007 607 1067 horizontem
618 1010 812 1086 pertinentia,
838 1011 1016 1080 DemocritI,
1039 1007 1175 1082 Eudoxi,
1198 1008 1371 1088 Hipparchi,

280 1095 351 1151 Diri
367 1094 453 1166 lulli,
474 1091 646 1151 Metrodori.
690 1095 801 1150 atenim
819 1092 899 1151 idern
917 1091 1022 1150 accidit
1038 1113 1097 1150 non
1114 1092 1203 1151 modo
1220 1096 1252 1151 in
1272 1096 1373 1151 calen-

281 1177 372 1237 dariis
388 1188 522 1236 reterum
540 1179 602 1235 sere
618 1178 771 1251 omnibus,
793 1177 847 1236 sed
864 1181 894 1235 in
907 1180 979 1255 ipsis
995 1196 1113 1257 quoqne
1129 1180 1224 1236 Fastis
1237 1177 1371 1253 POridii,

281 1282 408 1342 quorum
427 1264 562 1340 singulae
583 1264 767 1334 notationes,
790 1266 815 1320 si
830 1262 868 1320 ad
884 1264 998 1320 tabulas
1013 1266 1134 1340 exigas,
1145 1260 1192 1319 -ad
1207 1282 1300 1321 unum
1315 1261 1373 1320 ho-

281 1349 426 1408 rizontem
445 1365 599 1426 unumque
622 1365 729 1404 aevum
749 1367 852 1406 omnes
871 1349 954 1405 nullo
975 1347 1064 1406 modo
1085 1356 1209 1426 possunt
1231 1349 1371 1406 revocari.

281 1430 398 1489 accedit
417 1449 538 1490 occasus
559 1435 719 1489 matutinos
740 1431 825 1490 rer'os
843 1453 894 1490 seu
918 1435 1078 1506 cosmicos,
1099 1434 1261 1490 matutinos
1280 1450 1373 1511 appa-

282 1527 395 1589 rentes,
417 1519 600 1594 respertinos
621 1536 723 1588 veros,
746 1515 777 1574 id
798 1527 842 1574 est
861 1516 1057 1595 acronyclros,
1079 1526 1109 1574 et
1122 1519 1305 1595 vespertinos
1318 1535 1374 1595 up·

281 1610 434 1677 parentes,
456 1598 515 1658 hoc
538 1611 582 1658 est
602 1597 749 1674 heliacos,
772 1611 823 1658 unt
838 1595 876 1658 'ab
890 1603 955 1678 ipsc
970 1603 1015 1660 cl.
1029 1602 1129 1660 Tusco
1143 1622 1203 1660 non
1218 1604 1289 1660 satis
1308 1621 1372 1660 esse

281 1687 312 1741 in
327 1687 434 1742 Latino
448 1683 615 1755 distinctos,
635 1695 686 1742 aut
705 1684 824 1763 alayde
839 1688 999 1764 interprete
1015 1683 1068 1744 lras
1086 1684 1289 1744 distinctiones
1308 1705 1372 1743 esse

282 1773 416 1828 omissas.
461 1768 498 1827 de
511 1771 620 1848 quibus
633 1773 665 1824 ln
679 1779 798 1826 textum
811 1770 890 1848 Lydi
904 1769 1002 1828 denuo
1014 1768 1237 1828 introducendis
1251 1769 1375 1828 studen-

280 1862 327 1911 tes
345 1857 542 1913 astronomiae
562 1851 701 1910 viderint.

363 1955 395 2013 p.
413 1940 475 1999 362
498 1957 527 1993 v.
541 1940 594 1997 21).
636 1930 795 2013 'siradius
814 1976 891 1992 ......
901 1933 913 2014 ]
939 1931 989 1994 hic
1010 1935 1042 1992 in
1067 1933 1161 1994 codd.
1184 1936 1311 1995 omissus
1331 1946 1377 1996 est

228 2030 230 2033 ’
281 2029 375 2078 status
388 2022 474 2077 coeli.
505 2021 537 2076 in
551 2021 675 2075 Leonici
690 2021 826 2075 versione
838 2019 965 2096 legitur:
991 2017 1046 2075 Sol
1057 2022 1089 2075 in
1101 2023 1201 2077 ariete.
1225 2019 1378 2079 Favonius

281 2103 343 2162 late
359 2106 473 2180 spir-cst:
497 2104 613 2158 ciconio
631 2112 772 2179 apparet,
794 2113 822 2158 et
837 2115 919 2159 arare
938 2104 1122 2159 transmittit.
1154 2113 1158 2126 '

366 2185 468 2266 psol
482 2206 511 2244 v.
523 2186 572 2248 10.
617 2183 737 2264 ἄρχεται
751 2181 898 2265 δύεσθαι]
922 2187 964 2244 sic
983 2184 1076 2243 Codd.
1094 2207 1207 2247 omues.
1234 2189 1384 2249 Leonteus

279 2273 386 2332 venit:
408 2272 485 2328 Fav.
495 2271 579 2346 flore
596 2271 702 2348 incipit
718 2273 864 2328 matutino
872 2293 885 2342 ;
906 2270 1049 2349 vergiliae
1063 2273 1211 2330 occidunt.

365 2375 397 2434 p-
413 2357 474 2417 368
488 2374 517 2413 t.
531 2357 582 2417 20.
626 2351 797 2435 βροντώὸης
818 2375 878 2412 non
893 2366 936 2412 est
950 2357 981 2412 in
997 2356 1095 2420 lexico
1113 2354 1256 2416 Schneid.
1278 2369 1384 2416 aucto-

281 2440 384 2498 ritates
400 2436 500 2511 habet,
523 2448 640 2516 praeter
653 2437 732 2518 Lydi
746 2437 795 2496 hic
811 2450 840 2498 et
854 2459 884 2517 p.
896 2443 955 2501 363
977 2432 1029 2520 ill,
1040 2441 1089 2518 19·
1111 2445 1174 2506 368
1192 2447 1222 2506 3.
1246 2441 1309 2506 372
1326 2445 1379 2506 23.

282 2526 344 2587 373
369 2526 423 2597 17,
453 2526 542 2582 etiam
562 2525 606 2581 (ll.
628 2527 794 2582 Ptolemaei
814 2524 987 2582 Tetrabiblo
1009 2524 1091 2587 94A
1115 2535 1144 2583 et
1167 2526 1207 2590 95
1223 2527 1259 2598 (l,
1281 2529 1381 2586 Procli

281 2606 428 2666 Diadochi
445 2606 622 2688 Paraphrasi
642 2611 674 2667 in
692 2610 899 2668 Ptolemaeum
916 2608 974 2673 138
985 2610 1027 2682 Β,
1052 2607 1281 2689 Hephaestionis
1293 2611 1381 2670 The-

281 2693 353 2752 bani
369 2694 628 2771 Apotelesmatiois
644 2693 702 2756 lB
718 2705 749 2753 et
766 2699 804 2760 18
820 2695 861 2772 (l,
884 2694 917 2754 S.
933 2695 1074 2752 Germani
1090 2695 1240 2774 cpolitani
1255 2703 1329 2757 orat.
1346 2699 1380 2756 in

281 2780 417 2838 candias
431 2779 593 2857 Deiparam
608 2779 718 2842 3081).
