3125 4959
255 414 305 489 54
654 415 830 486 IOANNIS
851 416 955 485 LYDI

252 584 367 672 δγίειαν
385 594 424 675 τῇ
436 591 576 672 Σαβίνων
598 596 688 678 φωνῇ
708 590 856 675 λέγεσθαί
875 609 969 679 φησι,
990 588 1029 655 δι’
1052 585 1090 674 ἢν
1112 584 1216 677 φάλλα
1236 586 1355 677 δάφνης

255 692 420 756 ίπεδίδοτο.
445 688 620 777 δγιασταιδν
641 695 675 759 δὲ
695 692 730 758 εδ
751 692 865 783 φυτόν·
891 694 963 759 addi
980 693 1040 781 γάρ
1062 692 1129 780 ἱερά
1143 689 1232 769 νάσος
1251 690 1271 775 ἢ
1287 695 1355 757 δαί-

253 820 321 878 μων
333 794 434 879 βαρὺς
449 794 602 880 ἐνοχλήσει
621 803 665 885 τῷ
683 792 767 885 τόπῳ
782 788 853 885 ε’νῷ
868 794 971 885 δάφνη
987 798 1077 875 ἐστίν,
1097 794 1200 883 ὥσπερ
1216 792 1289 861 οὐδὲ
1304 820 1356 860 ιιε-

256 897 368 980 ραυνὸς
390 897 466 963 ὅπου
486 906 582 981 συκῆ,
609 899 655 965 δτι
682 899 834 984 σκεδαστὴ
855 899 1028 987 φαρμάκων
1046 902 1118 966 ἔστί.
1144 897 1240 987 ταάτη
1264 897 1293 963 οἱ
1313 896 1353 962 δι’

254 1000 378 1087 ὀνείρων
398 1002 487 1079 θείας
510 1013 609 1085 τυχεῖν
630 1006 807 1094 ἐπιφανείας
826 1002 999 1092 ὀρεγόμενοι
1021 1000 1157 1088 ἰσχάδων
1179 1004 1231 1069 καί
1254 999 1380 1086 μάνων5

252 1101 548 1188 μεταλαμβάνουσιν.

357 1207 392 1274 5.
438 1206 507 1275 Ὅτι
524 1208 558 1273 δὲ
577 1204 680 1295 φάλλα
701 1206 822 1299 δάφνης
834 1208 892 1277 σδν
907 1211 958 1275 aui
974 1219 1042 1286 ταῖς
1055 1202 1176 1292 ἰσχάσιν
1190 1207 1356 1285 ἰπεδίδοευ,

254 1310 389 1398 φανερὸν
408 1312 441 1375 lu
463 1317 518 1378 τοῦ
541 1301 632 1399 μέχρι
651 1316 702 1377 καὶ
721 1320 776 1380 νῦν
796 1317 829 1381 ἓν
851 1322 916 1390 τοῖς
931 1314 1061 1399 ἀγγείοις
1075 1318 1137 1377 τῶν
1152 1308 1289 1395 ἰσχάδων
1305 1311 1357 1374 καί

255 1411 358 1499 φύλλα
371 1410 500 1502 δάφνης
523 1416 558 1481 ἰν
579 1418 744 1501 συνηθείας
762 1416 984 1503 ἐμβάλλεσθαι.
1010 1416 1136 1499 διίμεινε
1162 1416 1196 1479 δὲ
1218 1412 1303 1497 ὅμως
1321 1411 1358 1478 τά

255 1513 339 1595 ἔθος,
365 1519 398 1582 ἐκ
411 1515 508 1603 μάνης
528 1518 670 1607 εὐπορίας
684 1520 861 1606 ἐναλλαγίν·
883 1520 950 1587 dni
964 1520 1020 1604 μὲν
1034 1519 1094 1606 γάρ
1109 1515 1243 1601 ἰσχάδων
1259 1518 1357 1583 luade·
1367 1530 1401 1585 10

153 1655 181 1708 p.
201 1639 237 1695 σο
255 1617 345 1685 δ’άασι
362 1618 495 1701 πόπανα,
522 1621 589 1688 dni
607 1624 643 1688 δὲ
661 1630 721 1689 τάν
737 1622 862 1712 φάλλων
870 1627 1008 1712 χρυσίον.
1031 1628 1224 1698 πλακοῦντας
1237 1615 1360 1685 δὲῬω·

253 1734 339 1807 μαῖαι
352 1724 391 1787 τά
407 1726 440 1789 lx
451 1727 573 1808 με’λιτος
589 1723 712 1791 πόπανα
725 1734 853 1793 καλοῦσι
868 1728 921 1792 διδ
935 1727 970 1791 cd
988 1730 1020 1792 ἓν
1032 1725 1208 1814 Πλακεντίρ
1222 1730 1261 1810 τῇ
1272 1719 1360 1789 πόλει

254 1826 450 1908 ἰῆςἸταλίας
463 1834 585 1914 πρῶτον
597 1830 629 1905 ἐξ
638 1824 801 1912 Ἑλλήνων,
822 1828 842 1913 ἢ
855 1836 974 1913 μᾶλλον
986 1831 1021 1895 ἓν
1028 1830 1164 1911 Σαμίων,
1182 1826 1239 1910 τὴν
1253 1823 1360 1892 τοιαά-

254 1953 311 2009 την
328 1928 445 2013 ἐδωδὴν
461 1935 636 2019 παρελθεῖν,
661 1934 713 1996 καί
728 1932 779 1998 διά
795 1940 885 1999 τοῦτο
900 1931 997 2009 οὕτως
1011 1932 1156 2016 λέγεσθαι
1173 1926 1215 2005 ὥς
1234 1935 1361 2012 Ταραν-

253 2042 321 2097 τΐνα
334 2031 395 2097 aiud
411 2031 572 2121 Τάραντος
587 2037 638 2100 καί
653 2036 832 2119 Κανουβικά
847 2035 909 2101 dud
924 2032 1091 2112 Κανοάβου
1105 2033 1158 2095 καί
1173 2029 1284 2097 Kamai
1298 2029 1358 2095 άπδ
1367 2042 1402 2100 15

255 2136 392 2199 Κοπτοῦ.
409 2133 527 2216 Σάμιος
540 2139 577 2199 δέ
586 2162 632 2211 τις
643 2144 764 2221 πρῶτος
775 2140 874 2219 μίλιον
887 2133 1032 2223 φοράσας
1043 2132 1138 2222 άρτον
1148 2131 1359 2212 κατεσκεάασε,

257 2235 295 2299 δι’
315 2226 358 2299 ὧν
370 2237 420 2300 καί
434 2236 489 2319 τὴν
508 2239 669 2321 λεγομένην
681 2235 822 2322 σήσαμον
842 2241 961 2326 ἰξεῦρεν
975 2240 1007 2303 ἐν
1020 2244 1059 2325 τῇ
1072 2237 1191 2328 Σάμῳ·
1217 2236 1293 2305 ὅθεν
1307 2240 1359 2302 καί

255 2340 395 2423 συγγενίς
410 2341 599 2431 προσηγορίᾳ
615 2348 654 2427 τῇ
668 2347 723 2407 τοῦ
737 2348 857 2429 δαρποῦ
871 2341 907 2409 τά
921 2343 1046 2427 χωρίον.

359 2440 392 2510 6.
446 2444 584 2526 ἰδίχοντο
606 2445 640 2509 δὲ
656 2445 704 2508 ἰπὶ
719 2451 775 2526 τῆς
784 2441 905 2526 Ῥώμης
923 2444 953 2507 ni
971 2439 1195 2530 αὐτοκράτορες
1209 2437 1359 2529 φιλήματι

254 2543 326 2621 τοδς
339 2542 499 2630 άρχοντας,
525 2546 603 2631 πρὸς
615 2545 706 2626 ταιὴν
722 2547 909 2633 ἐλευθερίας,
934 2545 1150 2614 άπελαθίντων
1166 2551 1228 2614 τῶν
1247 2542 1403 2633 πυράν-ω

254 2672 315 2713 νων
328 2648 381 2711 διὰ
397 2644 539 2736 Βροάτου
556 2656 610 2715 τοῦ
620 2644 777 2732 Ῥωμαίων
790 2645 919 2717 δπάτου.

326 2821 467 2895 1γλάσση
481 2826 513 2879 Ρ.
591 2826 811 2899 4σκεδαστυιὴί
891 2830 1014 2884 'Inonne
1032 2825 1166 2881 καίσδνί
1250 2827 1283 2878 10
1300 2821 1360 2907 ἰρι-

326 2894 424 2948 δίδωσι
441 2895 518 2949 libri:
538 2914 598 2949 corr
616 2898 767 2952 Raetherua
873 2899 903 2952 11
923 2896 1098 2957 πλαυένταςί
1204 2897 1237 2950 17
1251 2892 1286 2947 δι’
1304 2897 1359 2963 ων]

327 2961 373 3015 διδ
386 2964 418 3017 P.
500 2966 615 3031 σίσαρον
634 2968 696 3021 libri
782 2968 816 3024 18
833 2965 965 3038 συγγενὴς
979 2965 1153 3037 προσηγορία
1168 2961 1274 3019 τούτου
1290 2982 1360 3033 ναρ-

324 3033 382 3087 ucri
401 3034 479 3088 libri:
499 3052 559 3089 corr
572 3036 681 3091 Hasiua.
788 3083 791 3085 ,

255 3186 284 3241 in
305 3185 374 3239 libro
393 3187 434 3240 De
459 3189 533 3243 serila
556 3195 672 3244 strenam
691 3191 832 3245 sanitatem
851 3190 1010 3245 Sabinorum
1025 3188 1116 3259 lingna
1131 3187 1185 3244 dici
1204 3193 1298 3242 auctor
1310 3191 1361 3254 eal,

255 3264 456 3327 propterquam
470 3260 535 3313 folia
550 3258 640 3314 laurea
655 3264 834 3315 donabantur=
854 3261 977 3330 sanitatis
994 3268 1080 3312 autem
1101 3259 1222 3312 efficiens
1239 3266 1281 3311 est
1296 3258 1362 3310 haec

256 3328 346 3379 arbor.
367 3344 467 3395 neque
488 3329 557 3382 enirn
579 3333 685 3383 morbus
711 3347 788 3385 sacer
808 3347 857 3383 nec
879 3332 990 3385 daemon
1005 3328 1131 3382 molestus
1147 3328 1288 3382 infestabit
1303 3343 1362 3379 cum

255 3394 341 3447 locum
354 3395 401 3447 ubi
412 3395 501 3451 laurus
515 3398 576 3465 erit,
591 3410 621 3451 ut
634 3418 683 3452 nec
697 3399 795 3452 fulmen
807 3400 853 3452 ubi
867 3401 943 3466 ficus,
960 3398 1081 3466 quoniam
1095 3415 1199 3451 venena
1212 3393 1363 3465 depellendi

256 3464 311 3515 vim
327 3464 417 3519 habet.
448 3483 529 3536 quare
549 3468 570 3520 ii
592 3469 638 3539 qui
656 3486 705 3540 per
720 3468 822 3524 comnia
834 3469 920 3525 divini
932 3476 1067 3538 compotes
1082 3467 1143 3522 fieri
1156 3467 1230 3521 visua
1243 3468 1361 3533 student,

256 3532 325 3586 solas
342 3534 442 3588 caricas
456 3544 569 3591 sumant.
783 3536 786 3540 ’
1424 3552 1428 3557 ·

325 3602 352 3657 5.
387 3604 465 3658 Folia
480 3613 572 3659 autem·
587 3604 678 3660 laurea
696 3624 748 3661 urna
764 3625 822 3661 cum
838 3605 933 3660 earicia
949 3606 1018 3659 dono
1033 3604 1093 3658 dari
1108 3604 1186 3659 solita
1202 3604 1286 3660 fuisse
1299 3602 1363 3655 inde

257 3677 377 3738 apparet,
392 3676 462 3741 quod
476 3676 561 3727 adhuc
572 3675 600 3729 in
614 3678 757 3729 caricarum
769 3695 835 3729 vasa
850 3676 930 3729 etiarn
945 3676 1010 3730 folia
1022 3674 1113 3728 laurea
1124 3693 1158 3728 ex
1172 3672 1362 3728 consuetudine

257 3737 419 3795 iniciuntur.
451 3752 565 3797 attamen
580 3748 724 3814 permansit
738 3765 795 3799 moa
813 3764 847 3797 ex
862 3745 919 3798 ecla
934 3744 1069 3814 opulentia
1081 3752 1209 3799 mutatum
1227 3758 1276 3811 pro
1292 3740 1360 3793 cari-

259 3808 297 3859 cis
314 3811 381 3863 enirn
398 3814 497 3866 donant
510 3813 654 3883 placentae,
669 3834 718 3885 pro
735 3815 807 3869 sallia
823 3823 910 3866 autem
923 3832 1024 3868 aarum.
1052 3813 1188 3883 placentae
1202 3819 1290 3863 aratam
1305 3810 1360 3863 Ro-

258 3880 329 3929 mani
344 3896 448 3948 popaua
461 3901 494 3936 ex
507 3884 583 3936 melle
597 3887 719 3939 conlecta
731 3891 838 3949 vocant,
853 3894 994 3967 propterea
1004 3885 1075 3953 quod
1087 3881 1258 3945 Placentiam,
1271 3881 1361 3934 urbem

258 3946 362 4013 Italiae,
379 3950 488 4018 primum
502 3971 535 4005 ex
549 3954 660 4007 Graecia
675 3953 719 4007 vel
734 3952 823 4023 patina
838 3953 933 4007 Samala
948 3953 1076 4007 eiusmodi
1091 3953 1166 4005 cibus
1180 3947 1296 4017 perlatus
1310 3956 1360 4016 eat,

258 4025 288 4070 et
303 4018 370 4070 hanc
386 4020 420 4072 ob
436 4036 491 4073 rem
507 4022 545 4073 ita
560 4023 721 4076 dicebantur·
731 4031 761 4075 ut
774 4022 910 4091 placentae
924 4023 1088 4077 Tarentinae
1102 4039 1119 4073 a
1132 4020 1251 4071 'Parenta
1265 4028 1293 4072 et
1306 4019 1360 4071 Ca-

258 4086 372 4141 nubicae
395 4105 411 4139 a
435 4088 545 4143 Canubo
566 4101 594 4144 et
616 4092 744 4161 Copticac
764 4092 891 4161 aGopta.
919 4092 1024 4145 simius
1039 4099 1127 4144 autem
1143 4088 1247 4156 quidam
1261 4088 1361 4158 prinus

257 4155 337 4209 nella
362 4156 480 4212 admixto
505 4176 598 4227 panem
623 4161 753 4229 confecit,
766 4190 801 4201 —
814 4165 990 4226 encaenium
1015 4160 1087 4231 quod
1102 4156 1199 4213 dicitur
1212 4158 1316 4214 invenit
1332 4155 1361 4209 in

259 4227 356 4291 Sani03
369 4228 439 4281 unde
455 4227 535 4282 etiarn
548 4238 660 4298 cognata
675 4232 776 4283 fructus
790 4231 889 4285 nomini
902 4230 987 4298 regio.
1013 4235 1015 4239 '

329 4295 357 4349 6.
391 4298 603 4368 Exeipiebantur
621 4306 707 4354 autem
727 4300 825 4355 Romae
845 4303 880 4354 ab
896 4298 1100 4368 imperaturibna
1117 4295 1205 4351 occulo
1221 4294 1361 4364 magistra-

257 4370 311 4489 αιρ,
326 4365 495 4425 inhonorem
510 4367 657 4439 libertatis,
672 4369 765 4427 eiectis
780 4370 903 4442 tyrannia
917 4386 967 4440 per
982 4368 1093 4423 Brutum
1107 4368 1284 4424 Romanorum
1298 4378 1363 4419 eoa·

257 4452 350 4493 1110111.
