3125 4959
175 487 182 501 ,
249 413 301 485 oo
651 416 821 486 romum
849 415 952 486 ττοτ
1009 499 1012 504 ,

349 585 409 658 65.
457 578 541 677 ἧπαρ
559 586 655 675 γνπδς
676 587 733 655 orio
747 596 792 678 τῷ
809 589 915 672 α’ίματι
929 583 1040 668 tutto,
1064 588 1143 673 μετὰ
1159 586 1280 672 μίλιτσς
1295 590 1344 655 δι-

247 683 373 773 δόμενον
386 692 435 756 ε’πὶ
450 689 625 775 ἑβδομάδας
639 702 735 779 τρεῖς,
761 690 944 758 ἀπαλλάττει
957 692 1132 775 ἐπιληψίας.
1182 687 1294 774 δμοίως
1310 694 1345 756 δὲ

130 826 160 881 p,
180 810 229 865 111
246 796 297 857 καὶ
315 792 371 876 τῆν
393 797 522 881 καρδίαν
547 801 604 861 rori
623 792 719 880 γυπός
725 843 736 875 ,
762 793 836 863 ὅταν
852 800 1010 883 ξηρανθῆ,
1031 796 1063 861 ίν
1077 796 1168 861 ὕδατι
1184 796 1344 879 διδομένην

244 902 289 986 τῷ
303 894 359 985 ίσητ
374 895 477 987 τρόπῳ
492 894 615 981 ίσχτίειν.

349 997 410 1069 66.
460 1001 537 1087 φασί
554 1002 588 1065 δὲ
606 998 698 1065 atsto
714 1000 767 1066 τδν
779 996 905 1067 Ἰούλιον
919 995 1091 1084 ἑπτάμηνον
1105 1004 1270 1081 τεχθῆναι,
1291 1000 1367 1063 soih

246 1100 298 1166 διὰ
312 1107 401 1169 τοῦτο
414 1102 468 1169 τὸν
482 1105 612 1186 ἕβδομον
626 1110 708 1187 μῆνα
723 1111 778 1169 τοῦ
794 1104 945 1192 ἱερατικοῦ
958 1104 1096 1168 ἐνιαυτοῦ
1111 1104 1154 1179 είς
1166 1102 1220 1185 τὴν
1232 1103 1343 1167 οἰκείαν

245 1210 427 1287 μεταβαλεῖν
462 1207 677 1295 προσηγορίαν.
727 1207 827 1284 οὐδεὶς
857 1206 892 1273 δὲ
926 1205 1019 1285 ἄλλος
1049 1202 1277 1292 ῆνδραγιίθισεν
1301 1200 1343 1281 ὡς

247 1297 346 1385 οὗτος.
978 1328 981 1334 ’

349 1408 410 1480 67.
457 1407 597 1497 χρησμὸς
620 1406 715 1496 ἐδόθη
732 1406 894 1495 Ῥωμαίοις
916 1410 993 1497 πρὸς
1013 1414 1069 1493 τῆς
1091 1402 1239 1494 Μητρός,
1263 1405 1340 1491 μηδ’

245 1509 325 1599 ὅλως
341 1512 546 1600 Ἀφροδισίοις
564 1521 704 1601 χρῆσθαι
725 1514 782 1580 ἀντὶ
803 1512 903 1581 πάντα
916 1514 970 1580 τὸν
980 1510 1106 1579 Ἰστίλιον
1111 1559 1123 1593 ,
1145 1510 1227 1589 ὅπως
1239 1511 1342 1587 αὐτοῖς
1350 1525 1385 1579 10

244 1611 387 1701 ὖγιαίνειν
403 1614 441 1680 τὰ
459 1614 588 1699 σώματα
601 1618 717 1699 μέλλοι.

349 1718 408 1787 68.
460 1719 538 1784 κατὰ
556 1719 608 1785 τὸν
623 1720 654 1785 ἓν
670 1720 766 1803 λίοντι
787 1717 874 1804 ῆλιον
895 1716 1049 1801 ἀναχεῖται
1064 1712 1081 1781 ὅ
1094 1721 1217 1793 Νεῖλος.
1262 1714 1343 1792 ’Itis
1426 1707 1430 1713 ”

244 1816 343 1901 τ’ίνσμα
366 1826 411 1906 τῷ
431 1824 533 1908 Νείλῳ
556 1819 720 1907 πρότερον,
749 1819 813 1887 εἶτα
832 1823 990 1906 Αἰγυπτος
1012 1823 1045 1896 ἐξ
1067 1818 1226 1903 Αἰγύπτου
1232 1837 1259 1896 ‚'
1279 1816 1342 1883 εἶτα

244 1918 464 2008 Χρυσορρόας,
490 1924 540 1986 καί
560 1922 595 1989 τὸ
616 1922 722 1987 λοιπὸν
736 1928 847 2000 Νειλσς
862 1922 922 1987 ἀπὸ
933 1921 1084 2003 βασιλέως
1097 1919 1177 1985 οὕτω
1190 1920 1341 2000 καλουμέ-

245 2043 317 2089 νου·
340 2023 374 2089 τδ
393 2023 453 2109 γὰρ
474 2022 561 2101 δόξαι
575 2036 640 2101 τοῖς
654 2035 875 2111 γραμματικοῖς
888 2024 948 2106 ἀπὸ
964 2030 1018 2107 τῆς
1033 2022 1103 2098 νίας
1118 2018 1203 2097 ittig
1218 2019 1341 2104 ὠνομά-
1349 2032 1383 2088 15
1553 2040 1555 2109 j

132 2153 161 2207 ρ.
181 2134 232 2191 112
248 2132 325 2193 σθαι
349 2124 401 2193 τὸν
423 2132 534 2190 Νεῖλον
555 2127 632 2214 πρὸς
654 2128 850 2212 ίτομολογίαν
870 2123 938 2215 δρᾷ.
987 2126 1123 2209 περὶτῆς
1136 2124 1168 2189 ίν
1183 2124 1268 2209 θίρτι
1282 2131 1342 2189 τῶν
1452 2118 1455 2123 ’
1553 2114 1555 2121 “

242 2226 364 2293 ὑδάτων
379 2223 540 2304 ἐπιδόσεως
547 2226 752 2314 Ἀναξαγόρας
767 2231 843 2314 φησὶ
854 2228 911 2304 τὰς
922 2233 977 2309 τῆς
991 2228 1164 2304 Αἰθιοπίας
1175 2228 1342 2310 τηκομίνας

240 2328 345 2415 χιόνας
366 2328 557 2396 ἀποστέλλειν
572 2329 625 2395 τὸν
647 2334 770 2395 Νεῖλον.
821 2331 871 2392 καί
891 2326 1004 2410 ταύτης
1023 2329 1085 2391 ίστί
1099 2334 1155 2410 τῆς
1171 2328 1262 2411 δόξης
1275 2329 1292 2393 ὅ
1307 2330 1339 2395 τ’

242 2430 400 2516 Αίσχίλος
420 2434 471 2496 καλ
488 2436 650 2517 Σοφοκλῆς
665 2434 715 2495 καί
733 2431 909 2517 Εὐριπίδης.
960 2426 977 2493 ὃ
995 2431 1028 2493 δὲ
1044 2430 1184 2513 με’γιστος
1199 2432 1231 2493 ἓν
1250 2436 1339 2517 φιλο-

243 2534 352 2623 σόφοις
361 2533 522 2616 Ῥωμαίοις
535 2533 664 2610 Σενεκὰς
675 2533 818 2619 ἀντιλέγει
834 2530 961 2620 φάσκων
970 2531 1027 2615 τῆν
1041 2534 1214 2596 Αἰθιοπίαν
1233 2533 1382 2615 (torreo

243 2642 294 2703 καί
310 2640 504 2703 διακαιέσθαι
520 2633 701 2718 τὰσώματα
717 2643 777 2699 τῶν
795 2637 1022 2722 Τρωγλοδυτῶν
1026 2681 1037 2711 ,
1059 2636 1165 2711 οίτιντς
1179 2634 1214 2698 οὐ
1229 2636 1340 2722 (γε’ρσν-

242 2767 292 2819 τες
306 2740 358 2806 riv
370 2739 456 2825 ἥλιον
467 2736 526 2804 ὑπὸ
540 2738 595 2824 τῆν
608 2744 664 2825 γῆν
676 2741 827 2819 οἰκοῦσιν,
852 2736 870 2803 ὅ
886 2763 917 2803 τε
931 2732 1063 2823 ἄργυρος
1077 2737 1149 2801 κατ’
1165 2736 1339 2804 ἐκεῖνοντὸν

209 2930 211 2933 .
282 2931 478 3018 ‘gemosius
493 2950 528 3018 V,
546 2947 680 3019 δεδομένη
692 2949 726 3004 Ρ.
828 2945 1005 3016 θλερατικοῦ
1018 2966 1060 3001 om
1072 2946 1107 3002 Ρ.
1211 2948 1245 3002 12
1258 2943 1338 3018 Ἷλδς]

312 3019 584 3159 ἒξῗθὲξυῐὲγγῒιξθῐῦε
672 3020 708 3073 2⁰
723 3018 827 3073 Seneoa
839 3017 905 3072 Nat.
918 3017 1061 3082 Quaest4
1077 3018 1106 3071 2.
1191 3017 1228 3073 22
1244 3016 1337 3072 σίκοῦ.

311 3275 356 3331 65.
390 3276 483 3347 Hepar
493 3271 604 3328 vulturis
617 3290 673 3327 cum
684 3291 777 3328 cruore
789 3278 920 3341 assatum,
941 3292 999 3330 oum
1010 3274 1086 3329 melle
1096 3273 1121 3327 si
1134 3272 1212 3327 datur
1221 3290 1271 3342 per
1280 3276 1335 3325 tres

244 3346 435 3412 hebdomades,
460 3347 549 3398 morbo
572 3343 694 3397 comitiali
717 3343 823 3397 liberat.
858 3344 978 3398 similiter
997 3354 1084 3405 autem
1107 3351 1136 3397 et
1156 3341 1335 3408 corruituris,

245 3432 302 3467 curn
315 3415 438 3467 siccatum
451 3424 508 3480 ost,
534 3413 557 3465 si
569 3416 646 3465 datur
656 3414 684 3465 in
697 3430 780 3481 aqua,
806 3412 864 3482 pari
875 3416 952 3467 modo
964 3414 1059 3467 efficax
1071 3430 1129 3466 esse
1140 3412 1239 3464 dicunt.

312 3484 356 3536 66.
391 3483 488 3535 Dicunt
499 3490 584 3534 autem
596 3482 679 3552 ipsum
690 3481 782 3534 ΙττΙίτττττ
794 3489 1017 3550 septemmestrem
1028 3491 1132 3549 uatum,
1156 3488 1184 3532 et
1194 3485 1336 3549 propterea

242 3550 378 3618 septimum
391 3569 504 3605 mensem
516 3550 578 3604 anni
589 3550 759 3603 sacerdotalis
771 3551 800 3603 iu
811 3567 884 3604 suurn
896 3551 980 3621 ipsius
990 3560 1104 3604 mutasse
1120 3566 1225 3603 nomen.
1259 3564 1335 3600 nemo

241 3635 306 3671 roro
321 3620 386 3673 alius
397 3629 496 3674 tantam
506 3619 630 3672 virtutem
642 3620 775 3688 praestitit
787 3630 909 3688 qrrantam
921 3620 973 3674 hic.

310 3688 355 3741 67.
391 3688 531 3743 oraculum
544 3688 632 3740 (latum
648 3697 689 3740 est
699 3688 824 3741 Romanis
835 3706 851 3741 a
862 3690 950 3743 Matre
965 3689 1114 3757 (Magna),
1133 3684 1236 3740 omnino
1254 3693 1334 3738 rebus

241 3756 370 3809 Venereis
382 3760 544 3815 abstinerent
554 3774 602 3824 per
615 3763 698 3809 totum
709 3774 823 3810 mensem
836 3757 944 3826 Iulium,
966 3767 998 3811 ut
1007 3758 1072 3827 ipsis
1083 3756 1202 3808 valerent
1212 3755 1333 3823 corpora.

308 3824 353 3877 68.
387 3826 449 3879 Soio
467 3828 495 3879 in
511 3827 601 3879 Leone
612 3824 689 3878 Nilus
700 3826 909 3895 superfunditur.
943 3827 995 3880 llas
1006 3844 1100 3880 nomen
1107 3824 1173 3877 Nilo
1185 3832 1262 3876 autes
1273 3822 1332 3889 fuit,

239 3893 335 3949 deinde
356 3894 509 3963 Aegyptus,
533 3897 569 3963 ah,
586 3896 725 3963 Aegypto,
748 3902 810 3963 post
823 3896 1036 3963 Chrysorrhoas,
1062 3904 1090 3947 et
1103 3902 1235 3963 postremo
1244 3889 1332 3958 Nilus,

238 3984 256 4019 a
272 3981 336 4031 rege
355 3963 398 4015 oui
415 3963 464 4014 hoo
480 3980 575 4016 nomen
592 3972 663 4016 erat:
688 3980 746 4015 nam
765 3965 835 4033 quod
850 3965 1024 4032 grammaticis
1042 3959 1100 4017 ἀπὸ
1114 3962 1165 4029 τῆς
1176 3956 1243 4019 νέοιο
1255 3952 1334 4019 ἰλύος

240 4033 280 4101 (ἰ.
299 4052 325 4085 e.
344 4049 360 4085 a
377 4048 445 4084 novo
463 4029 543 4098 iimo)
561 4032 667 4085 videtur
688 4031 835 4086 nominatus
853 4050 912 4085 osse
928 4033 1022 4100 Nilus,
1045 4032 1074 4087 id
1094 4032 1129 4087 ad
1149 4026 1340 4095 etymologiam-

275 4107 354 4155 eotat.
390 4102 423 4154 de
437 4100 621 4168 inundatione,
638 4118 706 4170 quae
721 4119 772 4184 por
787 4110 913 4157 aestatem
928 4102 977 4170 fit,
995 4104 1162 4169 Anaxagoras
1178 4096 1217 4149 ait
1230 4096 1264 4147 ab
1277 4095 1332 4147 Ae-

240 4121 357 4240 hhiopiae
381 4168 473 4221 solutis
497 4168 602 4221 nivibus
628 4171 730 4223 demittr
751 4170 850 4241 Nilum.
886 4179 914 4223 et
936 4171 965 4223 iu
982 4172 1031 4223 hac
1049 4168 1171 4238 opinione
1186 4158 1331 4230 Aeschylus

240 4239 384 4309 Sophocles
403 4247 482 4306 atque
498 4236 642 4305 Euripides
660 4248 731 4291 sunt.
765 4249 879 4293 summus
901 4247 987 4294 autem
1006 4234 1217 4308 philosophorum
1233 4234 1330 4286 Roma-

240 4326 330 4361 norum
356 4308 458 4359 Seneca
482 4305 644 4374 obloquitur,
670 4307 759 4358 dicens
784 4326 834 4376 per
849 4308 1014 4377 Aethiopiam
1040 4306 1127 4371 (unde
1145 4310 1173 4353 et
1189 4303 1332 4354 adurantur

146 4412 147 4415 =
240 4394 351 4447 corpora
365 4375 601 4445 Trogodytarum,
622 4373 668 4443 qui
684 4392 735 4427 non
750 4378 868 4430 serentes
883 4376 965 4430 solem
980 4377 1028 4428 suh
1043 4382 1115 4427 terra
1135 4370 1269 4441 habitant,
1285 4387 1331 4424 ar·
