3125 4959
502 394 548 464 lii
574 393 737 465 LIBRUM
760 393 819 464 DE
843 391 1057 464 omnus.
1250 392 1323 464 393

236 579 302 622 sem
317 561 440 621 incurrit
455 571 485 620 et
498 560 593 620 curiis
606 569 651 620 est
665 560 799 621 orbature
828 559 897 620 vide
911 561 944 619 c.
958 555 1152 619 FrcWalchii
1165 570 1324 620 comment.

237 645 276 704 de
291 649 402 726 Glycae
416 648 572 705 annalibus
587 648 618 704 in
632 647 840 706 commentatt.
857 666 916 706 soc.
934 648 1064 723 Gotting.
1080 647 1100 709 5
1124 650 1162 709 18
1177 665 1242 726 sqq.

321 753 352 811 p·
365 732 428 794 294
441 752 470 790 v.
488 733 516 795 1.
558 728 615 810 τὴν
631 728 743 811 ἄλλην]
763 734 868 790 malim
884 729 939 809 τήν
955 729 1073 808 ἑτέραν,
1095 741 1129 787 ut
1143 731 1281 789 annotavi
1291 731 1325 787 in

236 834 306 876 ora:
327 835 499 896 quanquam
516 813 689 875 Eustathins
708 814 747 873 ad
763 818 800 874 11.
822 823 835 879 1
859 817 937 889 469,
960 811 1031 877 itta
1054 808 1086 876 d'
1107 813 1152 876 lvi
1172 810 1324 899 προδόμῳ,

235 897 295 959 hoc
316 920 410 978 genus
430 899 589 982 loquendi,
610 912 643 959 ut
660 897 749 974 ἄλλος
763 912 891 980 ponatur
903 919 956 980 pro
971 898 1084 980 ἕτερος,
1106 899 1246 978 frequens
1260 919 1324 958 esse

236 983 317 1064 opud
335 989 449 1044 Atticos
464 997 597 1046 auctores
611 984 701 1045 dicat.
733 997 811 1045 certe
826 984 929 1066 Lydus
945 987 1009 1064 ipse
1025 985 1142 1062 scripsit
1153 979 1209 1062 criu
1221 983 1323 1066 talpae

235 1089 257 1149 P
280 1068 351 1233 ΝΞ.
364 1069 427 1218 {io
441 1175 471 1214 v.
486 1158 536 1220 10.
579 1146 792 1253 ἆρχικότερος]
815 1155 890 1212 verti
902 1156 999 1230 optior
1012 1152 1056 1212 ad
1065 1154 1235 1230 imparium,
1249 1147 1325 1210 hee·

235 1239 329 1298 sitans
351 1250 452 1298 tamen
472 1241 510 1298 ob
531 1237 669 1299 adiectivi
684 1232 806 1321 ippum
819 1241 915 1296 varias
931 1237 1012 1316 apud
1027 1248 1160 1296 auctores
1171 1247 1238 1317 post
1253 1233 1324 1294 cnr.

234 1333 340 1381 natum
357 1325 593 1402 significationes.
635 1344 708 1406 quas
730 1344 801 1402 age,
825 1343 892 1381 cum
911 1341 1018 1402 parum
1038 1320 1193 1382 distinctae
1214 1322 1324 1380 sintin

232 1407 358 1483 lexicis,
381 1406 431 1466 hic
445 1407 590 1469 duntaxat
601 1410 820 1493 aliquantulum
833 1417 992 1488 evagantes
1006 1425 1224 1468 enumeremus.
1267 1398 1325 1490 cip-

253 1487 320 1568 ικός
332 1495 412 1551 valet

235 1515 253 1573 x
321 1576 359 1657 1)
392 1573 473 1658 quod
489 1579 620 1656 pertinet
638 1575 684 1636 ad
696 1578 904 1655 principatum
929 1576 992 1633 sive
1018 1577 1155 1633 convenit
1176 1577 1323 1652 principi,

230 1661 426 1742 principabi,
446 1683 589 1722 rnmmuc.
634 1663 675 1723 ita
697 1661 808 1720 habent
826 1661 859 1719 S.
876 1661 1035 1738 Gregorius
1048 1662 1199 1737 Nyssenus
1215 1657 1251 1716 de
1266 1658 1323 1717 ho-

234 1749 325 1806 minis
340 1747 488 1826 opificio1
511 1749 552 1810 58
566 1750 610 1822 B,
631 1749 712 1806 Orat.
733 1747 755 1808 1.
768 1748 800 1803 in
816 1743 863 1818 id,
883 1745 993 1802 facium
1014 1743 1167 1803 hominem
1188 1742 1227 1801 ad
1246 1746 1324 1800 ima-

236 1835 339 1908 ginem
350 1842 443 1888 nostr.
457 1833 476 1891 1
500 1831 559 1893 143
571 1834 617 1904 A3
638 1830 727 1890 Philo
740 1827 962 1888 Alexandrinus
976 1827 1013 1887 de
1026 1826 1197 1887 Abrahamo
1212 1831 1273 1892 286
1285 1831 1323 1900 c;

234 1914 384 1992 Theolog.
401 1911 549 1971 arithmet.
564 1918 635 1989 8B,
658 1917 699 1977 88
710 1915 752 1986 1³3
774 1915 807 1972 S.
821 1917 946 1972 Ioannes
960 1911 1187 1992 chrysostomus
1201 1911 1325 1970 bomilia

239 1998 277 2061 15
291 2002 323 2056 iu
336 2000 492 2078 epistolum
505 1983 630 2057 al'teram
642 1997 681 2057 ad
696 1996 852 2058 Corinthos
866 2002 884 2060 3
907 2001 968 2061 632
990 2003 1049 2070 2ος
1072 2000 1104 2056 S.
1121 1997 1251 2056 Isidorus
1266 2000 1326 2055 Pe-

235 2083 344 2143 lusiotu
361 2086 456 2162 Epist.
474 2081 537 2148 814
557 2086 619 2150 625
632 2085 670 2142 D.
713 2087 814 2162 sicque
834 2085 867 2142 S.
882 2085 1009 2141 Basilius
1022 2086 1147 2161 Magnus
1163 2080 1288 2140 homilia
1305 2087 1326 2144 2

234 2170 268 2227 in
289 2171 498 2228 Hexaiimeron
519 2170 536 2230 1
558 2171 599 2232 21
618 2171 659 2228 c:
681 2162 788 2249 ἆρχική
802 2191 847 2242 τις
862 2167 912 2229 καὶ
927 2165 1045 2249 ncrppoi
1059 2162 1196 2245 δύναμις.
1238 2168 1326 2224 vertit

235 2252 416 2312 codofridus
440 2254 618 2312 Tilmanuus
635 2254 818 2332 principalia
842 2253 991 2333 quaedum
1012 2275 1049 2310 uc
1072 2253 1155 2310 mala
1175 2253 1325 2328 potentia,

234 2335 294 2396 hoc
307 2350 368 2414 est,
393 2357 470 2419 quae
484 2349 586 2396 manat
600 2359 617 2396 a
630 2339 775 2418 principio
788 2339 880 2396 malo.
923 2349 1103 2418 usurpatque
1117 2336 1222 2396 eodem
1236 2355 1326 2395 sensu

234 2422 318 2482 idem
331 2425 363 2483 S.
377 2425 505 2483 Basilius
518 2423 604 2496 Quod
618 2423 692 2482 deus
706 2444 765 2482 non
779 2433 939 2482 estouctor
950 2426 1023 2480 ntali
1041 2429 1054 2484 1
1079 2422 1139 2485 433
1156 2425 1191 2480 Β.
1236 2431 1326 2500 atque

235 2510 277 2566 ita
293 2503 416 2590 ἀρχικόν
431 2531 463 2571 τε
475 2509 526 2571 καὶ
539 2503 696 2588 βασιλικόν
706 2510 844 2567 lubenter
858 2509 955 2586 iungit
967 2508 1113 2567 llusebius
1125 2509 1326 2565 Demonstrat.

236 2613 343 2670 evang.
360 2593 420 2660 155
433 2595 466 2668 c,
487 2596 657 2672 Praeparat.
671 2613 777 2672 evang.
791 2594 903 2668 3021),
926 2596 1044 2666 331113
1068 2591 1180 2650 ctibid.
1196 2597 1257 2654 372
1267 2591 1327 2646 ΑΒ

235 2678 327 2734 tribui
343 2676 435 2734 ludae
450 2673 485 2739 cd
499 2672 623 2758 ἆρχικόν
637 2673 810 2756 ciiiorpu'ait
825 2698 889 2738 esse
904 2680 1105 2754 assignatum,
1130 2695 1206 2754 quae
1222 2671 1329 2732 eadem

234 2761 328 2820 verba
346 2770 501 2818 occurrunt
518 2760 599 2839 apud
611 2762 644 2820 S.
660 2764 803 2819 Ioannem
819 2760 1063 2839 chrysostomum
1079 2763 1211 2818 oratione
1224 2761 1256 2816 iu
1269 2777 1327 2816 na·

234 2848 384 2906 finitatem
408 2844 535 2919 Christi,
565 2856 595 2904 et
618 2843 700 2926 quod
719 2847 880 2926 unicuique
903 2846 1015 2902 climati
1034 2846 1165 2923 praesint
1185 2845 1284 2922 angeli
1305 2841 1326 2906 5

235 2930 297 2994 858
319 2934 371 2995 28.
414 2924 536 3011 ἀρχικὸν
556 2927 579 3010 η’
600 2931 703 3008 φιλία,
732 2951 851 2988 summa
871 2950 916 2986 res
935 2932 1070 2988 amicitia
1093 2941 1148 3000 est,
1174 2925 1249 2990 nurci
1274 2923 1328 2989 rin

232 3007 447 3094 Ἐμπεδοκλέα,
475 3013 680 3094 Athenagoras
704 3017 746 3074 ait
772 3017 936 3094 Legatione
953 3035 1007 3094 pro
1027 3013 1202 3073 Christianis
1223 3017 1265 3075 22
1288 3013 1327 3068 Ι).

236 3117 255 3155 a
265 3103 403 3156 Nemesin
415 3103 562 3159 Emesena
573 3113 674 3159 autem
688 3098 842 3159 denatura
855 3098 986 3159 hominis
998 3099 1053 3179 (84
1064 3103 1092 3158 Α
1107 3099 1155 3156 ed.
1169 3094 1327 3173 Matthaei)

223 3184 337 3239 'anima
353 3179 407 3244 cdv
423 3177 545 3261 ἆρχικόν
559 3185 667 3243 dicitur
683 3184 798 3263 ἐπέχειν
813 3179 917 3264 λόγον,
940 3183 997 3243 boc
1013 3194 1057 3242 est
1066 3184 1214 3259 principis
1230 3181 1329 3237 lorum

235 3265 374 3323 obtinere.
420 3269 463 3324 sic
477 3279 665 3346 opponuntur
678 3268 758 3345 apud
773 3271 805 3324 S.
819 3271 951 3324 Marcum
970 3270 1122 3325 ereruiiam
1141 3265 1177 3324 de
1190 3263 1328 3345 paradiso

237 3363 268 3409 et
282 3352 350 3428 iege
364 3353 510 3430 spirituali
524 3354 621 3417 898ss
637 3347 758 3433 ἀρχικός
768 3349 972 3434 ὖκοτακτικῷ,
996 3355 1022 3410 is
1036 3354 1089 3432 qui
1102 3354 1134 3408 in
1148 3353 1269 3428 imperio
1286 3360 1329 3406 ert

236 3434 353 3494 subdito
375 3437 466 3516 (quae
481 3456 542 3495 vox
556 3457 591 3495 eo
605 3457 695 3496 sensu
708 3456 768 3495 non
782 3447 827 3495 est
840 3440 872 3494 in
884 3435 1022 3516 lexicis);
1046 3449 1075 3496 et
1085 3440 1117 3496 S.
1131 3440 1223 3494 Marci
1237 3436 1327 3493 verba

235 3522 354 3580 iteravit
376 3520 534 3581 scholiasta
557 3519 597 3580 cd
619 3523 652 3583 S.
676 3525 795 3582 loannis
810 3525 933 3581 climaci
948 3525 1058 3582 scalam
1071 3521 1200 3601 paradisi
1216 3525 1276 3584 102
1289 3523 1327 3578 A.

236 3604 376 3686 apudque
395 3606 428 3663 S.
445 3610 587 3665 Ioannem
602 3607 847 3687 chrysostomum
862 3629 997 3668 sermone
1013 3607 1054 3671 40
1076 3610 1108 3664 in
1127 3607 1327 3684 Evangelium

235 3692 356 3794 loannis
373 3693 394 3754 2
414 3690 476 3754 758
498 3693 537 3756 13
557 3695 699 3752 insimili
719 3691 915 3751 disiunctione
932 3704 976 3750 est
992 3688 1025 3753 cd
1041 3686 1164 3772 α’ρχικόν
1180 3702 1210 3748 et
1227 3691 1258 3752 oi
1273 3683 1328 3771 rip-
1403 3681 1407 3688 ¹

236 3794 508 3934 13533333
524 3777 1327 3943 ’3311333ῑῑῑῑ3ῒ.ἲ3ῗ’ἲὲίῑῑ3331.

236 3948 348 4004 Biston.
370 3948 513 4004 Lousiacu
534 3950 575 4009 78
596 3950 636 4023 Β,
657 3952 698 4012 78
716 3950 760 4020 Α,
782 3956 812 4002 et
834 3949 876 4003 sic
896 3965 995 4024 saepe.
1038 3948 1207 4027 Sanctoque
1229 3949 1328 4002 Marco

236 4032 299 4088 iam
311 4043 473 4109 memorato
487 4029 685 4109 disputatione
701 4051 769 4089 cum
785 4029 932 4089 causidico
947 4031 1006 4096 974
1022 4034 1044 4091 c
1061 4033 1092 4095 oi
1107 4028 1224 4113 α’ρχικοί
1240 4050 1329 4106 supe-

236 4118 328 4172 riores
355 4128 424 4174 sunt
448 4118 545 4195 potius
570 4136 676 4195 quam,
705 4127 739 4173 ut
767 4119 855 4173 vertit
879 4121 1004 4176 loannes
1026 4121 1129 4190 Picus,
1159 4125 1325 4194 magnates.

237 4211 338 4258 contra
351 4200 430 4279 opud
444 4200 607 4260 Eusebium
620 4205 696 4259 Hist.
709 4202 815 4258 eccles.
829 4205 890 4267 366
905 4204 930 4259 D
944 4203 975 4263 oi
987 4202 1019 4264 iv
1033 4197 1168 4283 α’ρχικοῖς
1181 4196 1330 4277 ἀξιώμασι

236 4288 392 4363 speciatim
415 4285 554 4346 videntur
570 4287 798 4364 provinciarum
816 4287 933 4364 imperii
947 4284 1081 4345 Romani
1094 4298 1227 4344 rectores.
1273 4303 1329 4339 rre-

236 4389 295 4451 que
310 4372 369 4429 alio
382 4391 472 4431 sensu
484 4381 643 4453 usurpatur
655 4371 852 4452 superlativus
869 4364 1086 4456 ἇρχικῶτατοςε
1110 4371 1255 4430 Eusebius
1268 4370 1330 4426 De-
