3125 4959
559 458 617 524 DE
641 456 851 526 MENSIBUS
875 456 936 527 IV.

303 625 364 699 47.
413 624 433 711 ἦ
450 629 484 693 δὲ
499 629 641 713 Μίλητος
655 628 691 693 τδ
705 630 776 717 πρίν
791 628 924 694 ἐκαλεῖτο
933 626 1132 716 Ἀνακτορία.

304 730 364 801 48.
409 730 608 814 Ἀμάλθειαν
621 730 655 797 δέ
669 729 878 819 τροφδνΔιός,
891 730 1028 815 aidani]
1039 728 1295 818 άμακαίάθράιυς
1311 758 1339 811 p.
1356 742 1390 797 95

200 834 252 898 καὶ
275 832 318 899 ht
333 830 437 923 χρόνιρ
455 834 494 900 τδ
516 832 589 899 issu
609 839 652 922 τῷ
668 835 722 897 Διί
743 833 912 913 αέξοσσαν·
938 834 1047 900 ι’ίλθειν
1060 836 1120 923 γάρ
1136 834 1171 901 τὸ
1186 828 1295 913 αὔξειν.

200 934 328 1024 Κράτης
346 939 380 1002 δὲ
395 937 456 1002 άπὸ
473 944 527 1003 τοῦ
543 937 682 1016 διαίνειν,
700 938 837 1003 τουτέστι
854 939 987 1017 πιαίνειν,
1012 938 1069 1021 τὴν
1083 946 1144 1022 γῆν
1151 936 1295 1019 βούλεται

174 1038 414 1123 δόναμαοθῆναι
434 1039 488 1105 τὸν
506 1040 570 1103 Διά
588 1040 642 1105 τὸν
664 1042 706 1116 είς
725 1039 826 1105 πάντα
842 1038 1000 1123 διήκοντα·
1024 1039 1232 1117 Ποσειδώνιος
1243 1043 1296 1107 τδν

200 1143 265 1205 Δία
280 1143 332 1207 siv
346 1142 444 1207 πάντα
459 1144 640 1221 διοικοῦντα,
665 1139 850 1229 Χρύσιππος
867 1143 901 1207 δέ
922 1144 975 1208 διὰ
993 1143 1028 1209 τὸ
1049 1142 1087 1207 δι’
1110 1143 1203 1209 αὐτόν
1220 1142 1294 1209 εἶναι

155 1244 156 1247 '
198 1246 238 1309 τὰ
260 1242 369 1309 πάντα.
394 1244 481 1309 ἄλλοι
501 1245 555 1311 τόν
568 1246 632 1309 Δία
650 1243 814 1328 βούλονται
834 1245 1046 1329 ὀνομασθῆναι
1068 1244 1202 1312 ἀπὸτοῦ
1222 1250 1295 1325 δεῖν,

197 1348 334 1411 τουτέστι
349 1345 502 1429 δεσμεύειν
517 1349 568 1413 καὶ
584 1349 728 1429 συνέχειν,
753 1349 789 1430 τὸ
803 1347 926 1429 σύμπαν
940 1345 1106 1431 αἰσθητόν·
1128 1348 1216 1413 άλλοι
1235 1350 1295 1414 άπὸ

197 1456 254 1514 τοῦ
264 1452 335 1532 ζῆν.
361 1451 437 1527 τινές
452 1450 485 1515 δέ
499 1450 577 1514 κατά
592 1451 646 1515 τὸν
660 1447 791 1534 ἡρωϊκόν
802 1452 854 1513 καί
866 1451 1010 1536 μεριστόν
1022 1448 1111 1535 λόγον
1123 1461 1203 1538 τρεῖς
1215 1453 1296 1529 Δίας

159 1564 192 1619 10
201 1549 275 1615 εἶναι
286 1550 458 1635 βούλονται,
485 1554 537 1617 tta
551 1553 606 1635 μίν
617 1552 767 1638 Αλθέρος,
792 1551 846 1616 τὸν
860 1554 894 1617 δέ
908 1553 1009 1638 ἕτερον
1024 1554 1056 1617 έν
1073 1552 1236 1645 Ἀρκαδίην
1246 1580 1296 1620 τε·

193 1660 322 1738 χθῆναι,
343 1657 375 1733 ε”ξ
389 1648 425 1721 οδ
446 1657 540 1744 φασὶν
550 1652 707 1739 Ἀθηνᾶν,
719 1657 821 1740 τρίτον
835 1654 869 1719 δέ
882 1655 936 1719 τόν
949 1658 1069 1744 Κρῆτα.
1095 1656 1124 1719 oi
1143 1658 1177 1720 δέ
1191 1660 1296 1721 Φοίνι-

197 1783 248 1833 κες
269 1759 399 1840 βασιλέα
423 1760 517 1847 φασίν
543 1757 635 1823 αὐτόν
658 1757 800 1842 γενέσθαι
820 1755 1030 1836 δικαιότατον,
1050 1757 1126 1824 ὥστε
1147 1760 1202 1841 τὴν
1227 1763 1295 1847 περὶ
1319 1810 1323 1818 .

196 1859 293 1924 αὐτοῦ
308 1859 400 1938 δόξαν
412 1864 566 1947 κρείττονα
582 1860 724 1945 γενέσθαι
742 1867 798 1925 τοῦ
806 1859 931 1946 χρόνου.
957 1860 1053 1947 ταάτῃ
1068 1860 1189 1948 δίρόνον
1202 1864 1294 1944 ίκβα-
1311 1882 1339 1935 p.
1355 1867 1391 1921 96

197 1967 258 2026 λείν
279 1970 333 2045 τῆς
357 1967 515 2045 βασιλείας
534 1965 666 2048 λέγεται,
693 1962 781 2028 οἱονεὶ
802 1964 855 2028 τὸν
870 1962 992 2051 χρόνον,
1018 1966 1068 2029 καί
1085 1965 1141 2046 τὴν
1153 1968 1189 2050 ἐξ
1201 1966 1295 2031 αὐτοῦ

156 2076 189 2132 1⁵
198 2062 299 2148 λήθην
311 2063 500 2153 ὑπερβαλεῖν.
527 2063 543 2131 ὃ
560 2070 594 2132 δὲ
605 2068 733 2149 Μηλέας
745 2064 805 2132 sini
815 2065 1014 2149 Ἀμαλθείας
1027 2066 1119 2131 asitha
1132 2074 1295 2154 τραηῆναι,

196 2165 262 2233 οἷον
281 2169 314 2233 ἓν
333 2177 388 2253 τῆς
403 2168 569 2253 δυνάμεως,
595 2170 753 2236 τουτέστιν,
764 2171 798 2233 ἐκ
811 2176 867 2252 τῆς
880 2168 1061 2251 άμαλακίας.
1087 2166 1104 2234 ὃ
1121 2172 1156 2235 δὲ
1167 2169 1295 2257 Κράτης

195 2270 250 2335 τὸν
264 2270 386 2357 Κρόνον
406 2277 482 2361 φησὶ
503 2274 642 2350 Σικελίας
663 2275 713 2337 καί
730 2272 860 2349 Ἰταλίας
880 2274 932 2336 καὶ
952 2279 1007 2338 susi
1026 2274 1167 2338 πλείστου
1181 2274 1294 2360 μέρους

194 2379 251 2457 τῆς
266 2371 393 2458 Λιβάης
414 2382 595 2457 βασιλεῦσαι
619 2375 759 2459 ἀπηνῶς,
785 2375 838 2440 τόν
858 2376 892 2439 δι’
913 2374 1021 2441 ’τοάτου
1038 2376 1105 2439 υίδν
1126 2377 1293 2441 ἐπιθέσθαι

195 2482 238 2563 τῷ
253 2479 355 2563 πατρί,
381 2480 432 2540 καὶ
446 2479 539 2543 αὐτὸν
553 2479 609 2560 μίν
628 2482 669 2553 είς
686 2478 812 2560 ίσχατον
831 2476 938 2543 ἐλάσαι
952 2486 1007 2561 τῆς
1021 2478 1147 2555 δάσειος,
1172 2476 1294 2563 ἡμερολ-

154 2586 275 2643 susara
300 2580 334 2642 δὲ
352 2586 407 2662 τῆς
425 2582 580 2662 βασιλείας
596 2579 815 2666 ἀντιλαβέσθαι
833 2582 884 2643 καὶ
898 2580 950 2644 διά
965 2589 1054 2645 τοῦτο
1067 2588 1235 2663 τιμηθῆναι
1252 2580 1293 2655 ὡς

195 2678 280 2745 θεόν.
301 2680 524 2768 Ἐρατοσθένης
538 2707 570 2767 με
590 2683 653 2765 μὴν
666 2682 720 2747 τὸν
733 2682 798 2747 Δία
813 2684 845 2747 ἓν
862 2690 900 2769 τῇ
917 2681 1027 2769 Κρήτῃ
1042 2689 1188 2765 τεχθῆναι
1204 2685 1291 2767 λέγει,

194 2783 336 2847 κάκεῖθεν
350 2785 402 2846 διά
415 2786 467 2849 τδν
481 2784 603 2871 Κρόνου
618 2782 717 2873 φόβον
729 2792 945 2867 μετενεχθῆναι
960 2789 1002 2861 εἰς
1012 2783 1127 2862 Νάξον.
1149 2785 1291 2869 Εὔμηλος

263 2926 280 2979 5
305 2925 466 2979 διοικοῦντα
491 2925 524 2979 P.
663 2929 680 2981 9
704 2928 761 2991 ζεῖν
786 2928 821 2980 V.
960 2927 994 2979 14
1010 2926 1061 2979 τοῦ
1079 2922 1183 2992 χρόνου
1201 2926 1290 2992 vulgo.

265 2996 298 3048 16
314 2992 697 3059 duatusmslue⁴Roetherua.=
825 2996 857 3047 18
876 2992 1031 3049 ἐπιθέσθαι
1046 2996 1212 3049 Roethcrus=
1229 2996 1289 3049 libri

262 3063 423 3117 πείθεσθαι.
525 3064 561 3116 20
577 3062 624 3117 καὶ
640 3060 729 3117 αὐτὸν
744 3057 793 3116 διδ
805 3062 839 3117 Ρ.

261 3179 307 3235 47.
342 3181 450 3233 Miletus
465 3186 545 3233 antea
558 3183 703 3234 vocabatur
718 3183 871 3235 Anactoria.

262 3249 315 3303 48.·
343 3250 504 3303 Amaltheam
523 3250 651 3302 matricem
667 3250 740 3301 Iovis
757 3254 890 3303 vocabant
901 3255 1024 3319 tanquam
1040 3266 1114 3317 cam,
1130 3268 1199 3319 quae
1213 3251 1289 3305 simul

195 3322 223 3373 et
243 3317 323 3373 semel
347 3328 375 3371 et
398 3336 450 3371 uno
472 3320 616 3386 eodemque
639 3326 758 3387 tempore
780 3336 902 3387 eaquae
923 3326 985 3371 sunt
1001 3319 1060 3371 Iovi
1074 3329 1168 3388 auget:
1189 3314 1290 3373 άλθειν

194 3386 265 3440 enim
278 3404 377 3458 augere
390 3396 442 3441 est.
477 3388 571 3441 Crates
584 3392 670 3440 autem
683 3406 699 3441 a
712 3387 932 3457 pinguefaciendo
948 3395 1046 3440 terram
1060 3387 1118 3440 vult
1132 3389 1291 3442 nominatum

194 3458 301 3525 lovem,
326 3473 383 3509 erim
401 3457 447 3524 qni
463 3475 512 3525 per
529 3457 615 3509 omnia
631 3457 760 3525 pertinet:
785 3456 942 3509 Posidonius
959 3457 1016 3508 Δία
1031 3465 1154 3523 tanquam
1172 3475 1230 3510 euin
1245 3458 1291 3527 qui

194 3526 321 3579 universa
337 3526 513 3589 administram
529 3526 695 3595 Chrysippus
711 3542 776 3578 vero
791 3534 934 3595 propterea
948 3526 1017 3592 qnod
1037 3520 1076 3576 ds’
1090 3541 1139 3593 pcr
1155 3543 1213 3577 cum
1228 3537 1290 3579 sunt

194 3596 330 3647 universo.
372 3594 417 3647 alii
445 3595 502 3647 Δία
533 3594 626 3647 volunt
653 3594 812 3647 nominatum
834 3612 851 3647 a
875 3594 1056 3661 coniungendo
1080 3601 1108 3645 et
1131 3595 1290 3648 continendo

195 3664 282 3716 onmia
304 3681 372 3733 qnae
396 3664 516 3717 sensibus
538 3664 658 3716 subiecta
673 3672 748 3729 snnt3
767 3663 844 3717 aliia
860 3663 986 3716 vivendo.
1019 3661 1135 3715 normulli
1151 3672 1239 3717 antem
1255 3682 1288 3716 ex

194 3732 302 3785 heroica
325 3742 353 3785 et
374 3732 516 3801 separabili
539 3733 660 3785 doctrina
681 3740 736 3785 tres
759 3732 839 3785 Ioves
862 3750 920 3785 esse
939 3731 1043 3797 volunt,
1070 3748 1148 3783 unum
1164 3732 1289 3785 Aetheris

193 3801 291 3869 lilium,
309 3802 417 3854 alterum
433 3802 462 3853 in
476 3802 588 3855 Arcadia
605 3810 706 3868 natum,
724 3819 758 3854 ex
775 3819 828 3871 quo
844 3801 991 3853 Minervam
1008 3801 1099 3853 dicunt
1113 3810 1287 3870 procreatam,

192 3870 300 3922 tertium
315 3871 479 3925 Cretensem.
513 3869 660 3923 Phoenices
677 3878 763 3924 autem
782 3888 872 3940 regem
889 3871 980 3922 dicunt
999 3886 1058 3922 eum
1075 3869 1158 3922 luisse
1170 3870 1286 3924 iustissi-

191 3954 275 4007 mum,
295 3946 325 3991 ut
346 3939 403 3991 eius
420 3940 490 3993 fairra
505 3939 671 4009 superaverit
686 3948 800 4011 tempus.
832 3940 947 4009 ideoque
966 3939 1107 3991 Saturnum
1124 3939 1235 3992 eiecisse
1252 3958 1286 3993 ex

191 4020 279 4077 regno
296 4008 410 4075 dicitur,
438 4009 514 4079 quasi
536 4026 570 4061 ex
594 4017 728 4077 tempore,
755 4016 783 4062 et
798 4026 855 4062 eam
871 4025 941 4077 quaa
955 4007 1017 4060 inde
1030 4007 1114 4059 oritur
1126 4007 1285 4062 oblivionem

191 4086 343 4143 superasse.
376 4076 472 4131 Melias
488 4080 521 4131 ab
537 4077 673 4131 Amalthea
690 4094 749 4130 eum
762 4077 888 4131 nutritum
901 4077 954 4145 ait,
972 4084 1097 4145 tanquam
1109 4093 1126 4128 a
1138 4077 1180 4145 vi,
1196 4077 1224 4130 id
1243 4087 1285 4131 est

192 4160 208 4195 ιι
228 4145 336 4199 duritie.
372 4148 467 4200 Grates
491 4156 577 4201 autem
601 4150 741 4201 Saturnum
763 4146 829 4200 dicit
849 4147 877 4198 in
896 4145 989 4198 Sicilia
1010 4154 1038 4198 et
1051 4144 1129 4198 ltalia
1144 4154 1172 4199 et
1185 4145 1285 4199 maiore

192 4212 296 4279 Libyae
317 4222 393 4283 parte
415 4234 541 4284 regnasse
564 4215 721 4283 crudeliter,
749 4216 806 4269 eius
831 4224 918 4269 autem
937 4214 1019 4267 hlium
1035 4214 1166 4267 invasisse
1183 4225 1284 4284 patrem

193 4298 302 4349 eumque
318 4284 347 4335 iu
362 4294 492 4338 extremas
509 4286 653 4339 occidentis
670 4293 759 4355 partes
776 4285 922 4355 expulisse,
939 4283 1072 4336 lenissime
1089 4293 1177 4336 antem
1189 4302 1282 4354 capas-

193 4350 288 4402 sivisse
301 4368 409 4419 regnum
422 4356 535 4425 ideoque
553 4354 648 4407 cultum
666 4358 725 4407 esse
742 4362 772 4407 ut
790 4356 876 4407 deum.
910 4353 1103 4405 Eratosthenes
1115 4370 1180 4406 vero
1193 4354 1284 4406 Iovem

192 4417 221 4471 in
240 4419 322 4474 Creta
342 4429 430 4496 natum
449 4424 502 4495 ait,
526 4424 641 4495 indeque
662 4426 697 4481 ob
720 4423 830 4479 Saturni
845 4432 942 4477 metum
957 4420 1110 4476 translatum
1126 4423 1155 4475 iu
1169 4423 1282 4478 Naxum.
