3125 4959
577 420 636 489 oa
660 418 879 519 musmus·
893 417 954 492 nt
989 415 992 420 ’
1269 420 1321 499 to

324 590 385 660 50·
435 590 493 674 [ότι
514 589 680 677 σχημάτων
694 587 711 657 δ
726 589 838 669 κόκλος
848 588 1043 661 τελειότατον.
1065 594 1141 666 ὅθεν
1154 592 1321 682 Λλγάπτιοι

218 693 275 761 τόν
297 693 411 778 κόσμον
439 693 610 784 γράφοντες
634 702 792 782 περιφερῆ·
805 693 917 761 κόκλον
938 695 1077 784 ἀεροειδῆ
1100 693 1151 765 καλ
1173 703 1320 787 πυρωπὸν
1347 713 1349 715 ’

216 796 422 885 χαράττουσι,
442 802 495 863 καλ
509 800 601 882 μέσον
616 800 776 891 τεταμένον
790 796 862 886 ὄφιν
874 798 1114 890 ἱερακάμορφον,
1141 802 1230 869 οἶονελ
1245 830 1320 871 συν-

215 902 337 973 ,εκτικδν
367 901 489 987 ἀγαθόν
517 904 657 986 δαίμονα.
696 903 748 968 καλ
770 900 835 967 έστι
859 901 895 969 τό
918 910 980 968 πῶν
1001 912 1103 991 σχῆμα
1123 902 1167 983 ῶς
1183 907 1222 972 τδ
1244 907 1318 997 παρ’

181 1000 295 1089 ·5ἧμι”ν
310 1004 361 1086 Θ.]

322 1108 384 1176 51·
436 1102 495 1188 [ὅτι
514 1103 532 1172 ά
556 1112 612 1191 τῆς
626 1104 776 1191 ὀγδοάδος
789 1104 926 1195 άριθμδς
940 1112 1045 1193 θῆλυς
1058 1112 1110 1175 καλ
1129 1108 1253 1199 άπειρος
1268 1114 1321 1177 καλ

218 1207 339 1295 ἀτελής.
352 1209 440 1299 ’ὅθεν
453 1211 503 1274 καλ
518 1211 603 1296 παρὰ
617 1217 659 1297 τῷ
674 1209 844 1298 Νικομάχῳ
857 1208 1036 1295 η’λιτόμηνος
1051 1218 1203 1280 καλεῖται·
1229 1212 1320 1305 ὃγάρ

218 1312 390 1397 όκτάμηνος
396 1310 510 1399 χρόνος
521 1314 598 1400 πρὸς
610 1313 718 1379 οὐδένα
730 1320 792 1379 τῶν
804 1308 975 1400 ἁρμονικῶν
984 1313 1060 1399 έχων
1070 1321 1210 1404 φαίνεται
1220 1317 1318 1403 λόγον.

220 1416 296 1482 ὅθεν
312 1416 348 1482 οὗ
362 1421 587 1503 τελεσφορεῖται
601 1416 639 1482 τὰ
654 1416 872 1499 ὀκταμηνιαῖα·
896 1418 991 1501 μέσος
1008 1419 1067 1506 γάρ
1083 1418 1125 1485 ὥν
1140 1428 1200 1486 τῶν
1215 1427 1320 1488 τελεσ-

177 1536 213 1589 10
221 1518 327 1607 φόριιιν
342 1520 487 1606 ἀριθμῶν
503 1520 595 1597 αὐτὸς
611 1517 719 1601 ἀτελὴς
735 1517 911 1606 εδρίσκεται.
944 1519 1046 1606 πάσης
1064 1522 1124 1611 γάρ
1140 1519 1246 1607 δλικῆς
1261 1528 1321 1590 δυ·

218 1621 338 1706 νάμειυς
350 1624 483 1706 μετέχων
498 1624 553 1699 τὰς
565 1625 633 1709 περὶ
647 1623 702 1706 τὴν
715 1621 793 1705 ὕλην
804 1623 901 1707 εέλνχε
916 1622 1080 1707 δυνάμεις]

322 1726 383 1815 52·
437 1724 494 1806 [ότι
509 1727 581 1802 τὀάς
594 1723 758 1813 κεραυνούς
772 1752 855 1813 φασι
865 1729 1015 1810 γίνεσθαι,
1033 1727 1108 1793 ὅταν
1120 1727 1207 1816 ῥῆξις
1217 1736 1319 1816 νεφῶν

218 1828 348 1916 γένηται.
371 1833 426 1912 τῆς
436 1830 496 1916 γάρ
509 1830 732 1916 παρακειμένης
745 1829 848 1905 αῶτοῖς
859 1828 992 1914 γεώδους
1004 1830 1111 1908 οὐσίας
1122 1835 1318 1919 ε’ξαφθείσης,
1334 1856 1365 1911 p.
1380 1838 1416 1895 ⁵4

219 1929 254 1997 τὸ
272 1935 408 2021 έξαιγθέν
429 1929 488 1997 ὑπὸ
508 1940 564 2015 τῆς
585 1932 674 2019 ῥιπῆς
690 1935 738 1998 έπλ
755 1931 811 2016 τὴν
826 1939 883 2017 γῆν
898 1933 976 2015 μετὰ
992 1932 1092 2020 ῥοίζου
1109 1936 1242 2022 φέρεται.
1257 1926 1322 2001 ’καλ

177 2045 211 2101 15
220 2037 273 2100 εἰλν
289 2038 345 2118 μέν
360 2032 508 2123 ὑγρότερα
524 2034 656 2122 τυγχάνῃ
670 2036 708 2100 τά
726 2035 812 2123 νέφη,
837 2034 905 2118 άμα
918 2042 957 2123 τῆ
972 2044 1135 2127 καταφορᾷ
1148 2038 1320 2119 σβέννυται,

219 2142 246 2204 εἶ
268 2141 301 2203 δέ
322 2141 509 2225 γεωδέστερα
516 2187 526 2217 ,
553 2138 704 2224 πυρώδεις
722 2142 925 2220 έκθλίβονται.
955 2137 1011 2204 δύο
1033 2131 1068 2204 δέ
1084 2140 1149 2223 εἴδη
1166 2148 1321 2228 κεραυνῶν

220 2238 297 2307 εἶναί
308 2266 410 2328 auctr,
431 2233 473 2304 ιῖιν
489 2238 575 2322 ὁμέν
591 2242 662 2318 ὀξὺς
676 2243 727 2318 καλ
742 2243 841 2323 μανὸς
855 2244 907 2304 καλ
928 2239 1076 2327 διάπυρος
1092 2241 1190 2329 ἀργὴς
1205 2242 1320 2327 ὄνομά-

219 2347 317 2425 ζεται,
348 2340 364 2408 ’ὃ
386 2345 419 2408 δέ
439 2344 561 2429 βραδὺς
579 2345 630 2407 καὶ
652 2335 815 2426 καπνιάδης
836 2341 977 2425 ψολόεις·
1003 2348 1053 2408 καὶ
1079 2341 1095 2409 ὅ
1118 2347 1175 2428 μέν
1195 2348 1248 2412 διά
1264 2348 1320 2430 τὴν

219 2444 386 2528 λεπτότητα
404 2448 455 2509 καὶ
475 2448 545 2532 πρὶν
565 2448 736 2531 ἐκπυρῶσαι
754 2444 924 2533 γερόμενος
936 2447 1048 2529 οἴχεται
1062 2448 1115 2512 διά
1129 2447 1250 2532 τάχους,
1276 2445 1319 2526 ῶς

176 2552 297 2633 θθμηδέ
315 2550 472 2636 ε’πιηιλέςαι
491 2575 519 2613 τι
540 2556 600 2613 τῶν
621 2550 822 2637 άραιοτέριυν,
848 2546 865 2614 ὁ
887 2549 921 2614 δέ
934 2549 1124 2637 βραδύτερος
1141 2541 1244 2629 ἱκανὸς
1261 2552 1318 2634 μέν

219 2657 383 2737 έπιχρῶσαι
397 2648 439 2727 ὡς
452 2652 507 2714 ἀπ’
526 2651 671 2730 αι’θιίλυυ,
697 2656 747 2717 καὶ
763 2660 875 2717 καῦσαι
893 2654 930 2718 δέ
941 2678 1007 2717 τινα
1021 2660 1081 2717 τῶν
1096 2649 1328 2736 έιποπεσόντιυν,

217 2760 339 2838 βολβῶν
360 2755 410 2817 καὶ
430 2761 524 2835 συκῆς
538 2756 590 2816 καὶ
607 2754 714 2841 φώκης
729 2758 779 2818 καὶ
794 2753 901 2838 ὑαίνης
917 2754 1069 2838 μενόντων
1085 2756 1249 2840 άβλοβῶν,
1275 2748 1319 2825 ὧν

288 2916 305 2971 ι
323 2910 477 2969 momen.
490 2896 665 2985 uueotogun
681 2910 785 2967 artum.
802 2911 819 2967 e
834 2928 863 2985 p.
879 2912 913 2968 55
929 2911 989 2967 ase.

287 3052 332 3106 50.
367 3051 523 3119 Figuratum
540 3047 733 3117 perfectissima
746 3046 818 3101 orbiu
834 3057 890 3114 eat3
904 3053 974 3105 unde
982 3047 1108 3121 Aegyptii
1118 3050 1239 3104 mundum
1253 3048 1316 3122 pin·

218 3128 312 3191 gentes
335 3123 425 3172 urbem
439 3119 536 3171 a'e'rium
554 3129 581 3170 et
596 3118 701 3170 rutilum
717 3118 867 3187 insculpunt
878 3120 1041 3189 mediumque
1055 3131 1190 3173 extensum
1205 3138 1316 3189 serpen-

218 3204 271 3245 tem
281 3186 415 3257 accipitris
424 3188 531 3239 formam
540 3196 790 3253 repraesentantem,
797 3199 919 3257 tutiquam
928 3186 1181 3243 bonum'daemonem
1189 3190 1316 3258 (adeum)

217 3258 408 3319 coutinentem3
427 3263 455 3307 et
470 3264 511 3307 est
526 3256 650 3307 universa
666 3256 750 3321 figura
765 3257 857 3307 similis
875 3268 966 3310 noetro
985 3253 1017 3323 (i.
1034 3278 1059 3310 e.
1076 3256 1193 3324 Graeco)
1213 3257 1246 3311 Θ.

286 3329 331 3382 51.
367 3324 525 3378 Octonariua
542 3339 662 3375 numerus
676 3324 804 3376 femineus
817 3336 845 3375 et
855 3325 973 3377 inlinitur
985 3335 1065 3393 atque
1075 3322 1245 3394 irnperlect'ua
1259 3333 1316 3392 τοὶς

218 3398 289 3450 uude
312 3393 390 3449 etiarn
412 3395 482 3463 apud
501 3392 688 3445 Nicomachum
710 3402 771 3444 aute
791 3392 875 3445 iactos
892 3408 995 3446 menses
1011 3404 1087 3446 notua
1103 3405 1223 3446 vocatur.
1254 3404 1315 3448 octo

219 3466 289 3519 enim
310 3462 435 3517 menslum
451 3472 553 3531 ternpus
568 3460 601 3513 ml
618 3461 711 3513 nulltun
729 3462 935 3514 harmonicorum
956 3469 999 3528 ts.
1014 3462 1249 3530 consentientium)
1265 3481 1316 3516 nu-

219 3551 348 3588 marorum
363 3534 461 3587 habere
474 3531 585 3600 aliquam
600 3532 705 3583 videtur
718 3530 856 3584 rationem.
879 3534 947 3585 unde
961 3547 1013 3584 non
1027 3534 1060 3585 ed
1069 3532 1242 3584 maturitatem
1253 3549 1316 3601 per-

219 3606 349 3658 ducuntur
364 3614 424 3653 octo
440 3602 565 3652 mensium
579 3609 683 3669 partttst
709 3600 810 3653 medina
835 3598 904 3653 enim
925 3618 982 3653 cum
997 3602 1033 3654 cit
1047 3619 1137 3654 eorum
1151 3616 1317 3654 utunerorum

219 3673 266 3742 qui
285 3674 363 3723 linem
380 3670 509 3723 afferendi
522 3669 575 3721 vim
592 3668 706 3736 habent,
723 3668 780 3737 ipse
796 3668 965 3739 imperfectus
980 3669 1123 3739 reperitur.
1150 3668 1234 3722 omnia
1247 3669 1318 3724 enim

219 3739 362 3799 materialia¹
375 3740 515 3809 potestatis
529 3755 585 3790 cum
602 3738 735 3807 particeps
748 3738 793 3805 sit,
809 3738 957 3791 materiales
970 3739 1079 3792 sortitus
1095 3744 1138 3791 eet
1151 3738 1234 3790 vireo.

288 3812 333 3865 52.
368 3807 489 3861 Fulmina
504 3807 619 3861 existere
631 3807 739 3872 dicunt,
762 3823 820 3858 cum
836 3809 1032 3877 disrumpuntur
1054 3810 1149 3860 nttbea:
1168 3805 1318 3860 cttbatautia

219 3878 289 3931 enim
302 3888 423 3943 terrena,
446 3893 514 3946 quae
534 3875 569 3927 iis
591 3877 706 3929 admixta
721 3883 775 3941 est,
795 3876 919 3945 incanae,
943 3895 975 3929 aa
990 3894 1052 3945 para
1068 3893 1136 3944 quae
1149 3893 1260 3928 accentu
1274 3884 1317 3928 eat

218 3947 318 4017 impetu
333 3964 381 4001 suo
397 3948 425 3998 in
440 3955 537 3998 terram
553 3962 610 3997 cum
632 3945 744 4013 strepitu
761 3946 903 3999 desertum·
922 3955 1002 4014 atque
1017 3945 1041 3997 εἰ
1057 3938 1216 3996 humidio'rea
1232 3946 1315 3997 nubea

218 4026 290 4084 eunt,
306 4017 334 4068 in
348 4017 406 4085 ipso
422 4032 484 4073 casu
500 4014 710 4081 exstinguuntur,
728 4013 770 4065 ain
784 4031 849 4066 voro
863 4015 945 4084 magia
959 4024 1090 4080 terrenae,
1103 4012 1198 4082 igneae
1212 4012 1315 4065 elidun-

218 4093 273 4139 tur.
303 4086 355 4137 duo
374 4094 459 4139 autem
476 4083 609 4136 fulminum
625 4099 723 4151 genera
738 4100 799 4134 esse
812 4082 919 4152 dicunt,
943 4100 1053 4152 quorum
1067 4082 1190 4149 alterum,
1210 4098 1271 4134 acre
1287 4087 1317 4133 et

219 4171 306 4208 rarum
319 4154 490 4222 igneumque,
507 4152 644 4205 candidum
660 4162 783 4215 vocatur,
801 4151 919 4220 alterum,
934 4152 1032 4204 lentum
1046 4152 1224 4216 etiamtum,
1239 4151 1315 4201 llum-

219 4240 320 4286 meumu
337 4230 365 4275 et
378 4222 486 4275 alterum
502 4239 550 4290 pro
570 4231 611 4274 ter
626 4221 760 4273 raritatem
773 4220 825 4272 iam
839 4221 990 4290 priuaquam
1005 4221 1160 4273 incendatur
1172 4236 1230 4273 urm
1244 4216 1314 4270 cele-

219 4293 300 4346 ritate
323 4293 459 4359 defertur,
481 4300 511 4343 ut
523 4240 588 4343 nilit
604 4306 775 4358 eorumquae
791 4290 894 4343 rariora
909 4300 971 4343 eunt
985 4291 1094 4353 edurata
1117 4288 1213 4342 lentius
1228 4294 1314 4339 autem

219 4363 259 4415 ite
272 4369 448 4430 comparatum
462 4368 504 4414 eat
519 4370 549 4414 ut
562 4359 739 4413 contaminare
753 4358 847 4427 posuit,
864 4368 894 4412 ut
908 4360 940 4411 lit
953 4378 969 4412 a
983 4358 1116 4427 fuligine,
1134 4367 1163 4410 et
1176 4355 1318 4408 incendere

220 4432 348 4500 quaedam
367 4445 456 4481 eorum
478 4430 615 4501 quaa'ipei
629 4428 749 4483 rubieota
766 4436 842 4498 aunt,
861 4427 949 4484 bulbis
965 4437 994 4483 ct
1008 4429 1059 4481 lico
1073 4436 1102 4481 et
1119 4425 1201 4479 vitulo
1217 4422 1318 4478 marino

262 4511 371 4564 ίυιιιιιιιι
392 4508 492 4578 ludar.
828 4532 831 4538 »
1089 4496 1110 4561 4
