3125 4959
613 429 856 497 emmeno.
966 412 971 424 ‘
1171 384 1290 499 'nnn

188 631 232 693 eis
244 630 311 693 loco
324 626 413 703 sciri,
434 646 495 688 non
511 630 574 689 erui
590 626 713 691 aliunde
727 648 833 711 posse,
854 646 1027 711 quanquam
1042 624 1158 691 divium
1175 627 1290 691 hma-

187 769 302 833 nasque
320 750 403 830 leges
418 746 591 832 discipliuae
607 751 766 830 religiones
782 751 858 809 ritus
877 746 1018 809 historias
1035 760 1188 828 veterum,
1210 772 1288 835 qna-

187 880 277 929 tenus
292 868 385 927 literis
407 887 512 927 eorum
526 866 618 931 hodie
638 870 843 946 continentur,
864 868 958 950 probe
972 877 1076 929 teneas
1097 869 1237 949 (temetsi
1251 872 1286 931 in

187 988 322 1049 virorum
339 986 382 1047 sic
402 984 558 1050 dodemm
575 1008 701 1050 numero
713 988 840 1048 minima
852 1007 910 1069 ego
922 1008 973 1047 me
986 987 1140 1069 ponam):
1160 991 1187 1051 si
1204 1009 1240 1050 ea
1254 1000 1285 1077 te
1309 973 1314 987 ’

189 1107 292 1168 omnia
304 1104 454 1185 deserunt,
478 1127 538 1190 quo
552 1104 729 1189 confugias'l
750 1107 805 1190 qui
817 1108 914 1188 possis
928 1109 1049 1169 ariolari
1061 1126 1139 1190 quae
1152 1128 1286 1170 menne·

188 1224 272 1288 riuti
299 1228 358 1303 ita,
385 1227 456 1286 licet
478 1229 642 1308 plurimum
656 1229 695 1288 sit
709 1230 854 1308 temporis
871 1246 954 1288 ame
970 1229 1004 1288 in
1018 1226 1077 1289 hoc
1096 1228 1288 1307 potissimum

188 1345 356 1426 fragmento
371 1343 554 1406 restituendo
571 1354 797 1424 consumptum,
817 1364 879 1406 non
897 1355 1000 1405 tamen
1015 1346 1142 1409 arbitror
1154 1348 1288 1407 multum

188 1482 238 1522 me
262 1464 439 1545 profecisse,
461 1438 539 1527 illud
563 1482 659 1525 unrun
680 1464 872 1543 pronuntiare
893 1480 1003 1538 ausus,
1025 1482 1076 1531 me
1090 1484 1201 1545 mogno
1216 1484 1287 1526 omn

188 1584 307 1662 labore,
329 1582 501 1667 diligentia,
522 1584 711 1645 contentione
729 1584 823 1641 animi
838 1582 919 1641 eain
933 1601 965 1641 re
979 1600 1045 1641 esse
1059 1595 1221 1645 venatum.

229 1733 233 1739 ¹
271 1709 308 1767 ln
330 1707 426 1782 nofis,
448 1701 577 1763 eumad
601 1704 722 1762 Ostenta
741 1712 807 1761 tum
831 1698 871 1760 ad
887 1700 1090 1780 fragmentum
1103 1702 1344 1766 hamensi-12

187 1824 262 1902 bus,
284 1845 344 1885 uno
370 1825 436 1886 solo
456 1825 524 1885 loco
543 1824 662 1903 longius
683 1823 746 1881 lere
769 1840 863 1905 qnam
880 1809 1020 1881 voluntas
1040 1823 1099 1881 luit
1120 1821 1213 1903 (nam
1226 1842 1284 1903 pc-

187 1946 313 2007 tuisaem
334 1964 431 2025 paene
454 1946 488 2004 in
511 1944 639 2023 singulis
658 1939 803 2016 vocibus)
824 1941 1014 2020 apropositc
1031 1960 1099 2002 sum
1117 1938 1284 2020 degressus,

187 2084 219 2145 p·
233 2068 293 2131 393
309 2084 376 2147 sqq.
402 2066 456 2124 ubi
476 2065 525 2143 egi
544 2061 583 2121 de
602 2063 686 2121 varia
706 2059 922 2140 significatione
941 2058 1025 2118 verbi
1047 2052 1180 2142 ἆρχιιιός.
1222 2061 1284 2121 alio

187 2183 256 2243 loco
274 2184 463 2242 institueram
485 2178 583 2238 dicere
604 2176 642 2238 de
666 2175 818 2239 codicibus
839 2178 989 2259 rescriptis
1007 2176 1206 2240 bibliothecae
1221 2181 1284 2239 lle-
1299 2195 1328 2252 p·
1347 2195 1416 2235 xxrv
1458 2173 1465 2189 '

187 2302 268 2382 giae.
309 2301 421 2361 etenim
439 2320 508 2359 oum
525 2299 662 2380 egregins
679 2299 863 2380 antiquitatis
885 2295 999 2358 vindex
1017 2302 1153 2381 Angelus
1174 2304 1283 2381 Maius,

186 2430 254 2481 tum
274 2440 346 2483 casu
365 2430 395 2481 et
412 2418 555 2477 felicitate
575 2428 640 2479 tum
660 2418 795 2509 maxime
816 2418 878 2477 acri
900 2427 991 2499 atque
1011 2429 1124 2479 attenta
1145 2418 1284 2481 codicum

185 2539 453 2599 Ambrosienorum
467 2537 717 2619 perscrutatione,
738 2546 783 2598 tot
796 2546 932 2597 verenam
948 2556 1038 2615 opera
1052 2537 1087 2606 in
1100 2539 1284 2602 membranis

162 2659 387 2741 ¹palimpsestis
407 2658 530 2718 latentia
553 2654 817 2738 deprehendisset,
844 2676 881 2716 en
904 2655 942 2715 ab
967 2656 1089 2715 interitu
1108 2658 1284 2717 mirabiliter

186 2776 337 2838 vindicata
351 2786 467 2835 tantum
484 2780 736 2855 exspectationem
755 2776 917 2836 attulerunt
933 2782 1055 2855 repente
1072 2774 1226 2852 omnibns,
1248 2784 1282 2835 ut

187 2914 257 2955 oum
277 2895 390 2976 ubique
410 2903 474 2953 tum
496 2904 574 2951 certe
594 2896 716 2955 PerisiIs
736 2897 769 2953 in
787 2890 970 2955 bibliotheca
991 2903 1110 2970 nostra,
1143 2897 1281 2976 antiquos

186 3015 336 3095 utilesque
355 3014 449 3074 libros
467 3013 541 3073 item
563 3009 736 3074 delitescere
753 3016 982 3095 suspicarentur.
1024 3024 1206 3097 quapropter
1217 3032 1281 3071 nou

186 3137 291 3217 putari
305 3154 369 3195 esse
388 3135 521 3193 alienum
534 3131 640 3193 studiis
653 3135 730 3193 meis
744 3133 884 3214 colligere
898 3152 976 3216 quae
990 3143 1021 3194 et
1033 3154 1091 3194 usu
1106 3130 1280 3214 quotidiano

186 3251 341 3330 codicum,
363 3262 393 3312 et
407 3251 563 3334 diligentia
577 3270 669 3332 quern
683 3271 701 3311 a
713 3271 763 3310 me
777 3256 944 3333 exspectari
964 3255 1099 3312 maxime
1112 3262 1203 3330 puto,
1224 3271 1282 3331 po-

186 3374 298 3433 tuerim
315 3373 378 3432 eius
392 3374 510 3451 generis
523 3373 555 3429 iu
569 3368 719 3430 codicibus
735 3371 856 3431 Graecis
873 3369 973 3430 adhuc
994 3372 1184 3449 investigare.
1227 3391 1280 3430 en-

186 3512 247 3576 que
262 3493 370 3552 eratin
384 3492 483 3549 animo
498 3488 675 3566 subiungere
687 3490 776 3548 notis.
818 3500 922 3569 postea
935 3508 1019 3564 vero,
1040 3507 1108 3546 oum
1122 3491 1153 3546 iu
1167 3490 1280 3549 molem

185 3614 258 3674 iusti
271 3612 433 3673 voluminis
447 3607 581 3669 viderem
594 3626 782 3682 excrescere,
804 3608 897 3667 satius
919 3604 994 3666 duxi
1009 3609 1143 3669 conferre
1157 3612 1187 3668 iu
1205 3613 1281 3670 scri-

185 3733 321 3813 ptionem
340 3730 540 3810 singularem,
563 3744 656 3806 quae,
676 3736 710 3785 ut
730 3745 832 3805 spero,
853 3724 1029 3806 propediem
1045 3728 1280 3809 prodibit,'non

186 3871 247 3934 quo
272 3848 393 3910 credam
417 3868 453 3908 ea
471 3868 536 3907 esse
555 3848 644 3920 tenti,
672 3844 727 3905 sed
741 3855 781 3904 'ne
801 3846 835 3903 in
853 3866 885 3904 re
904 3864 982 3927 quae
998 3866 1079 3907 nunc
1093 3852 1229 3910 maxime
1247 3829 1282 3908 iu

186 3934 335 4029 desiderio
350 3978 395 4027 est
409 3968 452 4026 rei
465 3964 603 4047 publicae
615 3965 762 4025 literariae
776 3967 868 4047 inque
880 3986 932 4037 pre
946 3977 976 4026 et
987 3987 1126 4029 sannone
1134 3972 1280 4043 omnium,

186 4107 242 4147 nos
264 4089 323 4149 soli
345 4088 484 4159 Parisiis,
511 4080 691 4143 bibliothece
712 4086 915 4165 copiosissima
933 4107 968 4146 ao
991 4087 1129 4148 codicum
1147 4089 1282 4147 refertis-

187 4207 281 4282 sima,
302 4204 445 4267 desidiosi
466 4208 634 4285 inertesque
656 4224 721 4264 essa
740 4204 907 4266 videamur.
948 4227 1055 4267 verum
1077 4218 1111 4267 ut
1134 4204 1280 4266 aductus

187 4337 333 4403 revertar,
355 4329 380 4387 si
402 4310 523 4408 tqreando
543 4324 586 4384 ibi
604 4324 703 4383 locum
717 4325 766 4386 vel
782 4328 948 4407 interposui
962 4329 1091 4388 auctoris
1106 4324 1211 4385 inediti
1229 4326 1278 4385 vul
1294 4345 1323 4399 p.
1338 4344 1396 4382 xxv
1458 4334 1473 4368 ¹·
