3125 4959
406 421 464 527 ps
487 415 823 488 memmimus
846 416 882 483 r.
906 415 947 483 n
971 416 1049 484 tro.
1073 416 1114 486 n.
1240 416 1312 488 173

221 591 616 683 δευτεροστρατηλατιανοδς
631 588 652 676 ἢ
666 589 833 676 παλαιότης
849 587 922 656 οἶδε.
971 586 1107 672 κάμητας
1124 589 1162 654 δὲ
1173 586 1245 665 τοδς
1258 589 1313 676 φί-

220 702 293 774 λους
314 701 364 763 καὶ
386 694 590 780 συνεκδήμους
610 696 720 760 Ἰταλοί
739 697 874 780 λίγουσι,
898 693 950 758 καί
964 690 1124 776 κομιτάτον
1139 689 1242 769 ἀπλῶς
1256 691 1312 775 τὴν

218 802 369 882 βασιλέως
383 801 531 866 συνοδίαν.
589 795 610 883 ἡ
626 801 659 864 δὲ
671 803 726 864 τοῦ
738 799 898 884 λεγομένου
911 799 1078 881 μαγίστρου
1092 798 1216 882 φροντὶς
1232 794 1312 881 ἀρχὴ

219 904 275 986 μέν
290 904 345 970 oris
360 904 440 968 iores
455 902 551 979 οὕτως
566 902 787 989 ἓγκεκρυμμένη
794 949 805 981 ,
839 902 963 986 μεγίστη
979 900 1013 964 δὲ
1030 898 1113 981 ὅμως
1118 945 1129 975 ,
1162 901 1212 960 καί
1225 897 1314 982 ίγγάς

195 1012 273 1088 ὄτῆς
296 1003 441 1092 ἀπάρχων
464 1006 621 1070 ἀνίπταται
633 1011 723 1088 τιμῆς
741 1031 774 1070 τε
789 1006 840 1069 καὶ
856 1001 1028 1085 δυνάμεως·
1041 994 1120 1086 Ιπερὶ
1135 990 1173 1082 ἧς
1188 999 1264 1086 πρὸς
1275 998 1313 1064 td

218 1110 304 1184 τέλος
318 1111 408 1190 τῆσδε
422 1115 478 1192 τῆς
495 1108 628 1196 ἱστορίας
644 1110 719 1195 έρῶ·
754 1111 806 1172 δεῖ
813 1108 873 1195 γάρ
891 1105 987 1188 αὖτην
1001 1106 1148 1192 νεωτέραν
1162 1093 1257 1170 οὖσαν
1267 1100 1313 1184 μὴ

219 1220 286 1287 ταῖς
297 1213 516 1300 πρεσβυτέραις
529 1218 589 1277 τῶν
607 1211 709 1299 ἀρχάν
724 1216 933 1300 συναριθμεῖν,
957 1209 1062 1275 δοῦναι
1074 1209 1109 1273 δέ
1122 1206 1199 1294 αδτῇ
1210 1212 1314 1292 χῶρον

219 1310 255 1379 δν
268 1308 285 1378 ὅ
293 1312 405 1400 χρόνος
419 1315 496 1402 αὐτῇ
510 1312 731 1402 παρεχώρησεν.

323 1416 357 1486 8.
404 1417 565 1506 Ἐξῂρηται
587 1419 629 1483 δί’
642 1417 726 1500 ὅμως
741 1417 791 1480 καλ
810 1409 912 1492 πάσας
925 1412 1094 1497 ἀναβέβηκε
1108 1411 1164 1489 τάς
1180 1408 1277 1498 ἀρχάς
1292 1405 1314 1493 ἦ

180 1533 214 1588 10
220 1513 336 1596 άπατος
353 1517 444 1604 τιμή,
478 1522 529 1586 καὶ
552 1520 657 1606 τῇμέν
671 1517 799 1601 δυνάμει
812 1523 867 1601 τῆς
878 1516 1083 1603 ίπαρχάτητος
1095 1518 1203 1599 μείων,
1227 1520 1267 1600 τῇ
1281 1512 1318 1577 δὲ

219 1627 294 1708 τιμῇ
312 1625 436 1705 μείζων·
469 1620 490 1706 ἡ
512 1624 568 1706 μέν
587 1623 647 1708 γάρ
668 1620 725 1704 τὴν
745 1619 819 1705 ὅλην
838 1621 932 1685 διέπει
948 1623 1099 1686 πολιτείαν
1117 1619 1238 1684 οίκοδεν
1258 1616 1315 1699 μέν

219 1724 307 1788 οὐδὲν
321 1726 505 1811 παρέχουσα,
531 1723 565 1790 td
580 1726 614 1788 δέ
627 1720 774 1808 δημόσιον
786 1726 954 1801 διοικοῦσα,
979 1720 999 1808 ἢ
1016 1725 1050 1789 δὲ
1065 1720 1194 1789 πλοάτάν
1207 1748 1239 1787 τε
1253 1726 1316 1803 βα-

219 1825 282 1892 adv
312 1825 434 1892 οίκοθεν
461 1825 599 1915 νιφάδων
628 1829 714 1911 δίκην
732 1828 915 1907 έξαυλακιζει
934 1835 998 1903 τοῖς
1021 1828 1174 1902 πολίταις,
1200 1825 1251 1890 καί
1271 1826 1316 1908 τῷ

216 1925 319 2016 χρόνῳ
341 1929 396 2012 τὴν
416 1933 620 2016 προσηγορίαν
640 1932 811 2017 χαρίζεται,
846 1933 896 1993 καί
925 1928 1041 2012 πλάνης
1070 1915 1254 1994 ἀπαλλάττει
1274 1923 1316 1990 τά

179 2043 213 2100 15
221 2030 473 2113 συναλλάγματα,
504 2032 654 2110 πολέμους
667 2031 723 2110 μίν
735 2029 769 2093 τδ
782 2030 887 2092 λοιπὸν
902 2031 956 2093 oris
973 2031 1191 2115 ἀναδεχομένη,
1213 2028 1316 2114 μήτηρ

221 2131 256 2195 δὲ
279 2129 457 2217 ώσπερπῆς
475 2127 632 2214 Ῥωμαίων
653 2131 827 2218 έλευθερίας
846 2130 1045 2216 τυγχάνουσα.
1097 2136 1237 2207 ἐναντίως
1257 2131 1318 2215 γάρ

221 2231 279 2316 ίχει
300 2233 377 2320 πρὸς
392 2235 571 2320 τυραννίδα,
597 2233 649 2298 καί
665 2231 837 2321 κρατοάσης
850 2234 961 2317 έκιίνης
975 2227 1033 2317 α’ἀχ
1046 2230 1226 2321 ἀφίσταται·
1249 2259 1316 2312 τοι-

219 2341 334 2423 γαροῦν
355 2334 420 2417 άμα
433 2339 571 2420 Βροῦτος
593 2333 609 2400 ὃ
632 2343 688 2418 τῆς
709 2335 909 2423 σωηροσάνης
922 2336 1040 2415 ίκδικος
1055 2339 1106 2400 καὶ
1121 2344 1177 2420 τῆς
1190 2340 1317 2402 ἐλευθε-

220 2440 289 2526 ρίας
307 2433 482 2525 δπέρμαχος
498 2437 557 2522 ’τὴν
579 2436 695 2503 ὕπατον
714 2439 867 2520 ἐξέλαμψε
887 2437 997 2520 τιμήν,
1027 2438 1092 2519 ἀμα
1106 2438 1277 2524 Ταρκάνιος
1298 2434 1315 2500 ὃ

177 2539 366 2629 κατάραντος
379 2538 539 2607 ἀπολώλει.
590 2536 607 2605 ὅ
630 2541 664 2606 δέ
685 2536 832 2630 ἧμίτερος
850 2538 951 2627 πατήρ
966 2565 998 2605 τε
1019 2538 1085 2620 άμα
1106 2543 1156 2604 καὶ
1172 2537 1317 2621 βασιλεὺς

219 2640 414 2728 ἡμερώτατος
434 2653 501 2721 ταῖς
519 2644 574 2727 μίν
592 2641 822 2733 ίπανορθώσεσι
842 2650 903 2708 τῶν
918 2640 1103 2731 πραγμάτων
1123 2645 1173 2708 καί
1188 2645 1318 2728 δωρεαῖς

220 2753 280 2814 τών
298 2743 440 2832 ἀπηκάων
460 2745 576 2827 ὕπατός
592 2749 672 2816 έστιν
691 2747 745 2837 ίφ’
770 2746 842 2814 ὅσον
863 2745 943 2827 ίστι,
974 2753 1012 2834 τῇ
1031 2747 1065 2811 δὲ
1082 2752 1176 2836 στολῇ
1192 2748 1315 2832 γίνεται,

288 2986 513 3061 sammon?
613 2992 631 3048 9
649 2987 800 3063 ἀνεβίβηκε
817 2993 850 3046 c.

222 3214 251 3264 et
265 3208 606 3290 δευτεροστροιτηλατιυνσλ
625 3214 659 3266 ab
678 3211 793 3282 antiquis
812 3211 944 3267 eomitiaui
965 3212 1089 3283 appellati
1101 3218 1172 3266 sunt.
1207 3209 1316 3264 comites

221 3297 286 3333 vero
307 3279 364 3331 Itali
389 3282 484 3334 amicos
502 3282 640 3351 sociosque
655 3281 759 3335 itineris
775 3291 888 3350 uocant,
915 3293 943 3335 et
958 3282 1106 3336 comitatum
1123 3279 1242 3346 onmino,
1270 3279 1316 3348 qui

221 3347 365 3419 principem
383 3351 589 3418 proficiscentem
604 3352 769 3404 comitantur.
805 3350 924 3419 magistri
937 3360 1032 3418 autem,
1049 3369 1125 3422 quem
1137 3358 1241 3416 uocant,
1258 3365 1316 3400 mu-

222 3435 270 3472 nus
285 3426 338 3469 tam
353 3419 487 3472 abstrusus
504 3421 608 3488 quidem
624 3422 790 3489 magistratus
807 3430 922 3486 nonest,
940 3420 1064 3472 iunximus
1077 3429 1172 3485 tannen,
1188 3428 1268 3487 atque
1282 3419 1317 3472 ad

221 3485 495 3556 praefectipraetorio
512 3491 634 3542 honorem
651 3499 860 3560 potestatemque
874 3507 957 3558 prope
970 3490 1085 3551 accedit3
1104 3489 1137 3540 de
1151 3506 1202 3556 quo
1217 3489 1250 3540 ad
1267 3505 1316 3540 ex-

221 3567 329 3608 tremum
354 3554 429 3607 huius
456 3558 580 3611 historiae
602 3558 719 3612 dicturus
745 3577 814 3611 stum:
840 3557 1011 3609 recentiorem
1034 3556 1101 3609 enim
1124 3557 1317 3627 antiquioribus

221 3623 417 3747 magiqqcatibus
433 3641 602 3681 annumerare
618 3646 670 3681 non
685 3638 801 3698 oportet,
817 3628 865 3680 sed
881 3644 958 3697 quem
970 3636 1073 3696 tempus
1086 3628 1217 3681 concessit
1230 3628 1316 3683 locum

222 3711 248 3747 ar
262 3703 298 3746 tn
318 3710 391 3746 uere.

291 3797 319 3850 8.
353 3799 488 3866 Exceptus
504 3805 590 3853 tamen
607 3805 649 3854 est
662 3815 804 3868 omnesque
821 3798 989 3867 magistu-atus
1006 3799 1208 3871 supereminuit
1225 3815 1320 3852 consu·

221 3865 299 3933 latus,
316 3866 436 3938 potentia
452 3865 554 3934 quidem
574 3871 741 3938 praefectura
758 3869 850 3935 minor,
868 3871 967 3922 honore
981 3878 1068 3923 autam
1081 3871 1178 3923 maiora
1195 3868 1239 3921 ilia
1252 3869 1322 3921 enim

221 3943 302 3989 totam
319 3953 374 3988 rem
392 3936 520 4005 publicam
536 3939 613 4006 regit,
630 3941 706 3992 domo
721 3939 786 3992 nihil
802 3940 916 3991 afferens
934 3947 962 3991 et
978 3939 1108 4008 publicum
1121 3939 1322 3998 administram

222 4003 266 4056 laic
282 4022 347 4058 vero
364 4005 486 4074 ingentes
503 4006 578 4057 domo
595 4026 659 4078 opes
677 4009 746 4061 nivis
763 4009 848 4060 instar
867 4007 969 4060 civibus
986 4009 1137 4076 profundit,
1164 4016 1192 4060 et
1209 4003 1322 4076 tempori

222 4090 316 4127 nomen
332 4074 456 4142 largitur,
474 4073 661 4146 pactionesque
676 4095 765 4131 errore
781 4077 920 4147 prohibet3
942 4093 974 4129 ae
991 4075 1060 4129 bella
1076 4076 1180 4148 quidem
1197 4094 1250 4129 non
1264 4092 1319 4127 arn-

220 4141 290 4210 piius
306 4143 484 4212 administrat,
508 4161 604 4213 parens
625 4164 688 4200 vero
710 4149 821 4217 quodam
842 4147 918 4199 modo
936 4155 978 4198 est
989 4146 1163 4200 Romanorum
1177 4142 1318 4200 libertatis·

222 4213 368 4266 contrarius
385 4215 453 4267 enim
468 4212 602 4281 tyrannidi
618 4224 667 4282 est,
685 4235 770 4286 neque
784 4234 840 4269 eam
857 4214 986 4269 dominari
1002 4216 1115 4285 patiturt
1136 4216 1228 4287 itaque
1242 4211 1319 4267 simui

222 4289 301 4348 atque
317 4283 429 4353 Brutus,
475 4282 599 4336 udicitiaa
614 4283 710 4338 vindex
728 4295 756 4340 et
773 4284 904 4339 libertatis
918 4294 1115 4355 propugnator,
1141 4283 1255 4340 consulis
1269 4284 1318 4335 iro-

222 4364 287 4401 nore
300 4350 414 4432 effulsit,
467 4351 601 4421 atquinium
626 4360 752 4419 tyrannus
769 4356 882 4410 interiit.
916 4365 1008 4408 noster
1023 4373 1087 4410 vero
1105 4365 1182 4428 pater
1197 4352 1272 4408 simul
1290 4361 1319 4407 et

221 4419 442 4476 inassuetissimus
462 4421 622 4493 imperator,
651 4438 706 4476 raro
728 4425 859 4495 publicam
883 4424 1044 4480 emendando
1063 4434 1091 4480 at
1107 4426 1180 4481 cives
1196 4424 1317 4479 donando
