3125 4959
439 410 496 480 DE
519 408 855 478 uselsrusumus
875 407 911 477 P.
934 405 976 477 R.
1000 405 1081 477 LIB.
1097 405 1139 476 ll.
1269 407 1341 480 185

143 597 146 602 ’
253 582 369 674 τεορίων
388 590 444 668 τῆς
463 581 557 668 οδσης
577 581 656 671 αότῇ
673 581 708 651 τδ
722 583 794 669 πρίν
808 587 900 667 τιμῆς
914 580 1093 666 ίζημίωσεν,
1118 578 1197 646 ditat
1209 579 1272 666 μὴν
1290 583 1343 646 sol

252 689 309 771 τὴν
333 689 496 775 πολίαρχον
516 688 652 765 ίξοιισίαν
673 682 709 751 τό
729 711 761 771 γε
785 688 828 763 είς
849 686 941 752 αὐτὸν
963 676 1037 768 ἧκον
1055 681 1260 767 διεσπόθησε,
1284 680 1342 749 δόο

252 790 331 878 πρὸς
342 802 405 868 τοῖς
418 793 492 857 δίκα
505 787 659 877 ὑπάρχους
675 786 791 866 πόλεως
807 788 884 854 ἄνθ’
901 785 984 868 ἑνός,
1008 783 1051 864 ώς
1065 786 1104 871 δὴ
1117 786 1196 852 καθ’
1215 788 1341 853 ἕκαστον

252 882 358 977 τμῆμα
372 899 428 977 τῆς
436 891 573 976 Ῥώμης,
598 889 872 980 προχειρισάμενος.

226 1007 245 1064 6
355 996 414 1064 20·
468 988 586 1079 Οὐκ-ἦν
604 997 638 1060 δι’
652 991 840 1080 καταγώγιον
857 990 1023 1079 ώρισμίνον
1044 988 1194 1057 όνίκαδεν
1214 987 1343 1082 οδδεμιᾷ

250 1091 367 1162 τοότων
381 1102 442 1164 τών
458 1098 569 1186 δρχών,
597 1097 652 1164 osis
668 1099 716 1164 ἐπὶ
730 1104 786 1180 τῆς
798 1092 936 1183 πρώτης,
962 1095 1018 1161 οὖν
1033 1096 1081 1160 lul
1096 1101 1151 1178 τῆς
1164 1092 1243 1158 καθ’
1259 1089 1342 1175 ἡμᾶς

249 1199 425 1280 βασιλίδος,
455 1197 497 1280 ὡς
517 1202 564 1266 ἐπὶ
586 1208 642 1268 τοῦ
659 1197 825 1288 παρόντος,
852 1199 923 1264 ἀλλ’
941 1198 990 1262 tut
1005 1203 1067 1264 τών
1081 1198 1199 1262 οίκείων
1211 1190 1341 1289 ἕδρώνό

248 1299 305 1383 ’τὴν
325 1301 421 1388 ἀρχὴν
435 1300 515 1370 ίπων
528 1303 664 1390 ἴπραττε.
715 1304 765 1368 καὶ
780 1308 868 1367 τοῦτο
888 1298 960 1389 ι’ίχρι
973 1305 1028 1368 soii
1047 1299 1126 1364 καθ’
1141 1295 1224 1383 ἡμᾶς
1236 1298 1341 1364 Λίον-

247 1425 301 1480 τος
314 1405 467 1488 διίμεινεν,
483 1406 530 1494 ίφ’
549 1397 819 1482 οδΚωνσταντῖνος
829 1404 885 1489 τὴν
898 1401 1035 1491 ὕπαρχον
1049 1399 1125 1487 ἔχων
1140 1398 1241 1486 τιμήν,
1262 1400 1341 1489 ἀνὴρ

208 1503 446 1593 λθεδπατρίδης,
482 1509 514 1572 lx
530 1511 684 1593 Μαζαιιῆς
698 1509 754 1590 μὲν
769 1511 820 1573 καί
845 1506 937 1584 αότδς
956 1501 1105 1593 ὁρμηθείς
1110 1553 1121 1584 ,
1147 1502 1293 1590 ἀνάλογον
1306 1504 1342 1569 δέ

140 1687 146 1707 Ι
247 1608 304 1690 τὴν
320 1607 429 1694 δρετὴν
448 1615 487 1697 τῇ
510 1612 600 1702 κακίῳ
621 1617 676 1676 τοῦ
692 1616 827 1697 πονηροῦ
842 1605 1053 1673 Καππαδόκοο
1068 1608 1262 1690 κεκτημένος,
1288 1607 1341 1672 διδ

248 1706 346 1794 λόγων
358 1737 389 1777 τε
406 1711 518 1799 δίριστα
533 1716 584 1779 καὶ
600 1711 807 1800 διαφερόντως
819 1717 879 1777 τών
894 1709 972 1796 παρ’
986 1709 1112 1785 Ἰταλοῖς
1124 1707 1191 1775 τότε
1206 1707 1341 1793 μάλιστα

243 1815 420 1895 τιμωμένων
438 1815 579 1899 ἠγμίνος,
606 1813 720 1900 ἀγορὰν
741 1816 880 1897 ίδιίματο
902 1809 1177 1899 διαπρεπεστάτην,
1202 1813 1341 1890 Λίοντος

245 1915 341 1999 αὐτὴν
360 1915 625 2007 προσαγορεύσας,
651 1917 683 1982 ἓν
700 1907 722 2003 ᾖ
738 1920 790 1981 καί
811 1918 869 2002 τὴν
891 1916 1071 2004 προαγωγὴν
1091 1916 1203 1981 ίκείνοα
1222 1919 1342 2004 ψηφῖδι

191 2017 472 2106 ,15κατεγρόψατα
520 2018 643 2104 ταύτην,
669 2017 712 2096 ώς
727 2017 820 2100 εἶπον,
845 2018 938 2095 αδτδς
953 2021 1072 2095 σίνείοις
1086 2016 1264 2102 ἀναλώμασι
1279 2045 1337 2083 κα-

245 2120 448 2202 τασκευάσας,
474 2117 525 2187 οἷα
544 2128 676 2207 γειτνιῶν
695 2129 738 2210 τῷ
755 2124 860 2210 χωρίῳ
880 2124 930 2186 καί
946 2119 1069 2210 Ῥοόφῳ
1088 2128 1132 2209 τῷ
1150 2120 1229 2187 καθ’
1254 2117 1338 2204 ἡμᾶς

245 2217 367 2298 πάππος
378 2224 552 2306 γενόμενος,
577 2222 772 2311 παρεχώρησε
789 2232 826 2310 τῇ
843 2225 923 2311 ἀρχῇ
929 2272 940 2303 ,
961 2226 1079 2290 δίαιταν
1092 2224 1196 2308 εὐτελῆ
1210 2226 1260 2288 καὶ
1274 2219 1338 2290 σώ-

245 2347 346 2409 φρονα
369 2326 445 2411 πρὸς
463 2327 632 2414 θεραπείαν
652 2333 706 2390 τοῦ
729 2328 809 2392 κατὰ
830 2327 936 2413 καιρόν
953 2328 1010 2410 τὴν
1029 2326 1127 2414 ἀρχὴν
1142 2328 1336 2409 ε’κδεχσμίνοο

243 2426 472 2504 κατασκευάσας
479 2475 500 2516 ,ί
523 2435 649 2514 πρᾶγμα
671 2425 772 2514 πόσης
794 2429 948 2513 ἀποδοχῆς
970 2428 1063 2507 ι’ίξιον.
1113 2426 1134 2512 ἦ
1158 2426 1262 2517 πρώτη
1285 2431 1338 2494 καί

201 2524 392 2612 Ξοάνίχοασα
413 2536 474 2595 τῶν
491 2529 610 2617 ἀρχῶν,
641 2527 661 2614 ἦ
682 2529 766 2621 μόνῳ
787 2538 832 2620 τῷ
853 2532 995 2621 σκήπτρῳ
1017 2539 1262 2620 παραχωροῦσα,
1288 2533 1337 2596 dni

241 2636 362 2717 μικρᾶς.
370 2677 396 2695 ..
416 2630 512 2710 οὕτως
526 2623 563 2716 ἦν
576 2633 660 2721 παρὰ
673 2643 737 2712 τοῖς
748 2637 959 2723 παλαιοτίροις
971 2635 1010 2700 εδ
1021 2642 1076 2719 τῆς
1089 2642 1209 2724 τρυφῆς
1220 2621 1337 2720 ἠμελη-

240 2733 328 2814 μίνα,
354 2731 389 2798 oi
396 2732 491 2818 μόνης
504 2734 655 2801 ἀπέλαυον
666 2743 721 2821 τῆς
733 2745 795 2805 τῶν
807 2735 960 2806 δποτελῶν
973 2737 1132 2822 εὐθυμίας.

292 2957 400 3029 ,δΙερσ
416 2956 530 3016 διέπων.
544 2961 579 3015 F.
614 2978 648 3015 an
663 2958 754 3031 ἔχανί
858 2965 891 3020 17
906 2959 937 3019 is
950 2962 987 3034 τῇ
1003 2962 1037 3018 0.
1139 2963 1174 3020 21
1187 2968 1263 3034 patet
1274 2967 1337 3020 ma

308 3021 399 3091 οότας
414 3028 513 3103 aliquid
529 3030 669 3086 excidisse.
704 3034 739 3087 1⁴¹.

241 3234 271 3310 et
284 3229 476 3298 praefecturam
489 3235 571 3304 urbis,
588 3240 712 3306 quantum
729 3234 835 3306 quidem
850 3234 953 3318 inipso
970 3234 1031 3303 tuit,
1049 3232 1219 3301 dilaceravit,
1236 3233 1337 3302 duodo-

239 3315 290 3351 csm
306 3317 354 3380 pro
368 3317 418 3352 uno
437 3305 584 3372 praefectos
602 3305 686 3373 urbis,
704 3305 822 3373 singulos
837 3304 962 3358 videlicet
974 3304 1083 3373 singulis
1095 3305 1194 3356 Romae
1208 3302 1337 3372 partibus,

238 3376 412 3422 constrtuens.

308 3438 352 3490 20.
387 3436 460 3490 Nulli
476 3456 540 3494 vero
558 3441 650 3496 horum
665 3440 863 3510 magistratuum
875 3439 968 3508 initio,
990 3445 1021 3493 ut
1036 3455 1119 3506 nunc,
1136 3445 1234 3492 certum
1253 3439 1337 3493 domi-

239 3504 327 3558 cilium
344 3505 410 3570 suit,
437 3525 522 3589 neque
541 3510 569 3563 in
590 3512 675 3583 prima
692 3527 778 3580 neque
796 3510 824 3561 in
841 3519 931 3561 nostra
951 3508 1119 3576 imperatoria
1136 3509 1216 3572 urbe,
1244 3511 1290 3562 sed
1308 3510 1337 3562 in

238 3575 294 3626 suis
310 3573 428 3642 sedibus,
446 3593 490 3644 qut
508 3581 683 3647 magistratum
697 3581 835 3649 gerebant,
852 3593 960 3630 munere
972 3578 1157 3644 iungebantur.
1193 3585 1272 3646 atque
1286 3578 1338 3631 hoc

239 3659 323 3711 nsque
340 3645 373 3697 ad
390 3644 505 3697 Leonem
521 3656 636 3701 nostrum
654 3648 764 3714 mansit,
779 3649 830 3700 sub
845 3663 896 3716 quo
914 3646 1118 3712 Constantinus,
1144 3645 1186 3697 vir
1199 3646 1269 3698 claro
1286 3665 1334 3715 gs-

238 3728 320 3779 ncre,
338 3731 354 3764 e
366 3712 475 3766 Mazaca
487 3713 590 3782 quidem
605 3717 705 3788 etipse
722 3717 863 3783 oriundus,
889 3715 988 3768 virtuto
1002 3726 1087 3769 autem
1101 3714 1213 3784 improbi
1228 3715 1334 3785 Cappa-

238 3780 312 3834 docis
328 3781 484 3849 pravitatem
502 3785 681 3853 aequiparans,
700 3786 785 3840 literis
804 3801 923 3854 quoque,
940 3802 972 3838 sc
988 3785 1131 3854 praecipue
1147 3783 1180 3834 iis
1198 3800 1263 3850 quas
1280 3794 1334 3838 tum

236 3846 298 3902 Itali
311 3850 421 3903 maxime
434 3851 572 3919 colebant,
589 3853 685 3922 optime
702 3855 835 3922 eruditus,
861 3870 918 3907 cum
932 3856 1124 3923 praefecturam
1142 3852 1268 3920 praetorii
1286 3870 1334 3921 ge-

237 3925 318 3985 reret,
336 3919 433 3971 curiam
446 3919 593 3972 iudicialem
609 3922 842 3992 splendidissimam
859 3923 992 3987 condidit,
1019 3921 1168 3989 Leonisque
1183 3921 1335 3990 appellavit,

237 3984 266 4038 in
283 4003 336 4056 qua
354 3997 381 4040 et
397 3987 551 4043 electionem
568 3988 637 4042 illius
657 3993 771 4046 tessellis
791 3991 942 4060 descripsit.
976 3991 1045 4042 hanc
1062 4007 1127 4056 suo,
1154 3989 1193 4042 uti
1212 3990 1334 4058 diximus,

236 4066 340 4124 sumptu
356 4065 529 4126 exstructam,
547 4066 639 4127 utpote
653 4061 754 4114 vicinus
771 4060 846 4126 loco,
865 4069 895 4112 et
906 4060 968 4114 Ruti
985 4068 1091 4112 nostrae
1103 4059 1242 4112 memoriae
1258 4075 1334 4127 suas,

236 4125 363 4177 modicum
376 4125 539 4192 magistratui
551 4129 746 4197 modestamque
759 4128 917 4184 domicilium
930 4128 1069 4196 concessit,
1085 4130 1267 4181 succedentem
1280 4137 1334 4180 tum

237 4189 263 4242 in
278 4193 429 4260 magistratu
445 4195 550 4264 colens,
574 4212 681 4264 remque
701 4198 767 4251 tecit
790 4215 890 4251 summa
906 4198 983 4251 laude
1002 4198 1116 4266 dignam.
1150 4197 1249 4267 primus
1263 4212 1334 4248 sum-

235 4263 564 4400 intersiinus
580 4263 1335 4408 unzustzsutnrumuna?

248 4395 276 4408 ..
560 4372 569 4407 ν
1322 4366 1334 4376 ”

235 4404 295 4450 uua
311 4399 520 4467 perfruerentur.
