3125 4959
401 437 460 504 DE
483 433 821 505 nnelsmtnuus
846 436 882 503 Ρ.
906 434 947 501 R.
972 434 1052 503 LIB.
1074 436 1136 505 111.
1241 440 1316 512 239

219 609 276 697 τὴν
289 609 439 696 ἠξίωσαν,
464 608 625 697 Ἰττοτιηιωδς
638 608 659 695 ἢ
672 605 753 695 τάχα
766 605 931 676 θάλασσαν
943 608 1017 694 όλην
1027 607 1148 692 βλάξειν
1163 611 1267 692 αὐτοῖς
1281 612 1316 680 τδ

213 716 343 804 χρυσίον
354 711 494 797 οἰόμενοι.

319 816 380 888 46.
431 816 564 897 Νέμασα
580 812 614 879 δ’
632 810 759 899 οιμωςῆ
776 811 870 899 τόχη,
900 817 951 881 καλ
968 822 1072 904 σκοπῷ
1086 814 1261 901 διοικήσεως
1275 817 1315 885 τά

217 926 309 1008 νεῦρα
325 919 473 1005 παρέλυσε
490 925 545 1001 τῆς
559 920 720 995 πολιτείας.
751 924 813 982 τῶν
828 918 887 1003 γάρ
899 924 1100 999 βουλευτικῶν
1113 919 1314 1003 συστημάτων

191 1019 411 1095 ὕδιοικοόντων
422 1020 477 1097 τὰς
491 1017 593 1097 πόλεις
608 1022 659 1085 καί
671 1019 725 1086 τόν
733 1018 921 1107 στρατιώτην
930 1020 1162 1108 άποτρειγόντων
1173 1025 1223 1087 καί
1237 1024 1312 1107 άλη-

215 1132 284 1201 θῶς
298 1124 533 1206 πολιτευομένων
547 1133 610 1200 τοῖς
624 1119 792 1210 πράγμασι,
811 1123 958 1210 Μαρῒνός
968 1151 1015 1201 τις
1029 1127 1062 1188 ἐκ
1074 1132 1135 1191 τῶν
1149 1128 1314 1211 λεγομένων

215 1230 407 1314 σκρινιαρίων
426 1233 480 1315 τῆς
499 1223 579 1314 ἑῴας
595 1224 773 1310 διοικήσεως
790 1228 956 1315 παρεισδδς
973 1228 1116 1311 ἐντέχνως
1134 1236 1178 1317 τῷ
1194 1235 1319 1311 βασιλεῖ

214 1332 370 1397 ἀναπείθει
386 1335 487 1395 πᾶσαν
502 1330 586 1416 αὐτῷ
600 1328 837 1413 τὴνπολιτείαν,
862 1334 1088 1418 διαψηφίσαντι
1104 1331 1176 1409 τσδς
1189 1330 1313 1419 φόρους,

214 1440 466 1511 ναταπιστεῦσαι,
492 1428 683 1517 ὁμολογήσας
692 1436 822 1519 χρυσίον
837 1440 881 1521 τῷ
893 1441 1018 1515 βασιλεῖ
1025 1446 1196 1521 περιποιεῖν.
1223 1444 1313 1521 ιμλο-

172 1537 324 1625 λθκερδίγς
339 1538 371 1601 δέ
384 1537 483 1621 ἠρέμα
495 1532 777 1619 έτόγχανενέκεῖνος
791 1532 842 1600 σία
863 1536 1116 1613 Ταυλάντιοςκαὶ
1127 1537 1312 1620 Ἐπιδάμνου

211 1649 268 1725 τῆς
277 1637 455 1725 Ἰλλυρίδος·
474 1635 653 1725 Δυρράχιον
666 1638 762 1723 αὐτὴν
779 1642 898 1726 Κρῆτες
909 1639 1127 1724 ἀπαιτήσοντες
1140 1644 1204 1706 ε’κεῖ
1215 1667 1312 1726 προσ-

211 1742 389 1832 ηγόρευσαν,
412 1740 471 1806 ἀπὸ
485 1740 670 1828 Δουρράχου
682 1739 749 1807 τότε
760 1741 976 1823 βασιλεύοντος
990 1747 1130 1829 Κρητῶν,
1154 1741 1196 1821 ὡς
1208 1742 1224 1809 ὁ
1235 1742 1311 1809 Ῥω-

211 1858 302 1931 μαῖος
317 1844 483 1920 Λουκανδς
507 1843 539 1909 ἔν
560 1852 597 1930 τῇ
622 1848 747 1937 δευτέρη
769 1851 830 1911 τῶν
850 1847 1005 1933 ε’μιγυλίων
1026 1850 1129 1934 φησίν,
1151 1846 1310 1933 ἢΚυρκυ-

211 1962 292 2039 ραῖσι
309 1952 484 2035 Κορινθίων
498 1948 618 2013 ι’ίποικοι
632 1948 711 2011 κατὰ
724 1948 777 2012 τδν
792 1952 981 2037 συγγραφέα.
1002 1952 1053 2014 καλ
1069 1952 1164 2028 πολάς
1174 1944 1211 2034 ἦν
1223 1949 1311 2035 λόγος

169 2068 204 2123 15
214 2055 381 2138 ἀπληστίας
394 2058 570 2137 κατηγορῶν
583 2048 861 2129 τόνἈναστάσιον,
891 2049 933 2128 ὦς
952 2055 1003 2116 καὶ
1024 2054 1152 2137 ἐλεγείας
1167 2054 1251 2129 τινάς
1262 2056 1311 2118 tut

210 2166 264 2223 τοῦ
282 2158 483 2241 λπποδρομίου
497 2154 682 2237 ἀνατεθῆναι
698 2153 774 2240 πρὸς
788 2160 841 2218 τοῦ
855 2151 954 2238 δήμου
969 2157 1042 2219 κατ’
1063 2156 1175 2235 αὐτοῦ,
1198 2153 1311 2231 εἰκόνος

211 2260 293 2344 αὐτῷ
321 2261 449 2338 σιδηρᾶς
476 2258 524 2321 tut
549 2264 603 2320 τοῦ
627 2254 819 2341 ἱπποδρόμου
844 2240 1048 2341 άνάτεθείσης.
1102 2259 1131 2323 oi
1156 2260 1190 2323 δέ
1213 2262 1311 2342 στιχοι

208 2368 264 2425 τοῦ
275 2359 439 2443 λεγομένου
456 2357 541 2443 παρὰ
555 2358 611 2438 μέν
627 2356 787 2439 Ῥωμαίοις
799 2357 951 2447 φαμιόσου
967 2364 1046 2429 καθ’
1065 2358 1147 2446 ἡμᾶς
1163 2365 1195 2428 δέ
1209 2369 1309 2444 βλησ-

209 2467 326 2551 (γημίας
343 2462 415 2525 α’ίδε.

166 2585 203 2641 20
335 2560 435 2633 εἶκόνα
449 2561 514 2641 σοί,
535 2566 663 2643 βασιλεῦ
677 2560 893 2651 κοσμοφθόρε,
912 2560 1000 2648 τήνδε
1014 2561 1143 2652 σιδήρου

397 2662 550 2749 στήσαμεν
567 2662 609 2743 ὡς
617 2672 735 2752 χαλκῆς
749 2658 845 2732 οὖσαν
859 2668 1049 2754 ἀτιμοτέραν,

276 2812 292 2865 1
309 2809 368 2878 lego
383 2804 435 2862 σόα
447 2804 578 2875 η’ξίωσαν.
596 2811 630 2863 F.
667 2811 710 2864 vel
725 2803 897 2877 άπηξίωσαν.
1010 2813 1029 2867 8
1045 2812 1145 2883 νεμεσᾷ
1162 2806 1194 2865 δ’
1211 2801 1308 2878 dume?

275 2873 523 2934 θάναπείθεινῦ.
595 2880 629 2930 10
641 2878 706 2947 κοιλ]
724 2876 773 2943 έξλ
845 2884 876 2935 11
891 2874 1048 2947 άποικησοιν
1066 2882 1099 2934 C.
1171 2881 1203 2935 13
1219 2880 1306 2935 Luca-

274 2966 323 3002 nus
338 2950 356 3002 2
374 2948 433 3016 610,
453 2948 485 2999 de
500 2945 665 2999 Brundusio:
682 2950 742 3000 orda
753 2956 792 2999 ert
805 2950 921 3001 Dictaeis
931 2951 1060 3016 quondam
1069 2967 1186 3017 possem
1200 2952 1305 3002 colonis.

273 3017 340 3102 haec
356 3017 447 3085 Lydus
464 3018 497 3069 de
514 3016 669 3097 Epidamno·
679 3022 784 3097 poetam
802 3017 900 3099 dixisse
917 3017 1034 3099 putarit,
1060 3018 1213 3090 eidemque,
1236 3019 1307 3105 (γοοδ

273 3087 379 3140 abundo
392 3093 533 3153 acceperat
550 3086 583 3137 de
601 3102 705 3137 nomme
720 3086 796 3139 husus
810 3089 893 3154 urbis,
911 3086 1041 3140 attribuit.
1060 3090 1094 3144 F.
1191 3090 1254 3154 13η
1273 3088 1306 3153 λε’,

274 3156 349 3208 otc.
454 3156 485 3210 15
503 3149 607 3221 ἐλεγεῖά
623 3172 686 3207 τινα
702 3156 736 3208 1⁴¹.
848 3157 880 3208 19
895 3145 950 3208 ω’δε
963 3154 1053 3225 vulgo.
1155 3158 1190 3212 21
1203 3156 1304 3210 Antho-

273 3223 359 3293 iogia:
378 3217 503 3277 ἄνθεσιν
517 3219 556 3285 οἱς
570 3224 675 3291 χαλκοῦ
691 3220 797 3278 πολλόν
813 3219 987 3294 άτιμοτέρην.
1006 3228 1040 3280 1⁴⁸.

202 3344 316 3400 reddere
332 3360 385 3401 non
401 3349 463 3395 sunt
478 3341 596 3410 dignati,
620 3342 728 3395 flumina
741 3341 784 3393 vel
797 3348 879 3395 totum
892 3346 962 3397 forte
979 3361 1051 3397 mare
1066 3359 1157 3397 aarum
1172 3341 1225 3395 eibi
1240 3360 1304 3412 pro-

202 3415 314 3467 fundere
327 3411 497 3463 arbitrantes.

271 3483 315 3536 46.
350 3483 386 3532 At
408 3481 514 3531 fortuna
531 3476 672 3531 crudeliter
694 3478 826 3533 dominata
841 3481 931 3551 specie
952 3497 1056 3561 quoque
1072 3479 1303 3535 administrationis

203 3570 300 3606 nervos
324 3550 365 3602 rei
384 3548 505 3617 publicae
527 3547 616 3600 solvit.
652 3566 709 3600 nam
728 3567 785 3601 enm
802 3551 910 3602 curialia
928 3548 1038 3615 collegia
1055 3550 1206 3602 civitatibus
1225 3568 1303 3619 prae-

202 3631 293 3675 essent
310 3638 341 3673 σο
358 3617 464 3671 militem
481 3625 660 3670 sustentarent
676 3636 792 3687 vereque
809 3616 1006 3685 rempublicam
1021 3619 1225 3685 moderarentur,
1243 3621 1301 3674 iin-

201 3692 275 3744 rinns
294 3689 398 3772 quidam
416 3686 597 3750 escriuiariia
616 3694 644 3738 ut
660 3699 764 3753 vocarit,
784 3687 918 3739 orientalis
936 3686 1075 3754 dioecesis,
1092 3706 1147 3741 cum
1162 3707 1191 3742 ae
1207 3690 1301 3743 eaiiide

201 3764 281 3813 rebus
298 3758 466 3821 insinuasset,
488 3754 640 3824 imperatori
658 3759 800 3825 persuadet
816 3766 845 3808 ut
860 3764 941 3807 totam
959 3756 1010 3808 sibi
1027 3757 1232 3826 rempublicam,
1250 3760 1300 3811 tri-

202 3831 265 3883 buta
282 3828 427 3891 venditum,
445 3826 545 3889 credat,
563 3841 652 3877 aurum
666 3844 695 3879 ae
712 3824 865 3893 imperatori
878 3825 1072 3879 conciliaturum
1085 3827 1227 3897 pollicitus.
1243 3838 1302 3881 erat

201 3909 288 3951 autam
305 3897 349 3949 illo
365 3896 430 3949 lucri
448 3894 525 3963 ρααλο
541 3894 677 3961 amantior,
696 3906 724 3949 ut
740 3905 803 3964 pote
818 3893 974 3946 Taulantius
988 3904 1016 3947 et
1028 3897 1175 3964 Epidaomo
1192 3897 1300 3965 illyr-ino

201 3968 309 4020 eivituto
327 3966 451 4019 oriturdns
470 3963 673 4031 (Durrhachium
690 3982 746 4017 eam
760 3964 912 4030 Cretenses,
930 3965 974 4033 qui
989 3965 1073 4018 coloni
1090 3967 1149 4019 iiiuc
1162 3976 1298 4032 venerant,

201 4054 218 4089 a
229 4032 382 4089 Durriiucho
399 4046 452 4087 tum
461 4033 625 4085 Cretensium
641 4051 705 4101 rego
719 4030 892 4101 appellarunt,
909 4042 938 4086 ut
951 4034 988 4086 ait
996 4035 1117 4087 Luomns
1126 4036 1257 4089 Romanus
1272 4036 1300 4087 in

200 4103 267 4158 libro
285 4106 398 4159 secundo
416 4104 449 4155 de
466 4102 534 4155 beilo
553 4101 640 4164 civiii3
666 4100 708 4154 vel
731 4100 891 4167 Corcyraei,
915 4102 1114 4156 Corinthiortnn.
1131 4105 1233 4156 colonia
1254 4122 1298 4157 se-

200 4177 310 4227 cundum
325 4172 499 4238 historicum).
535 4170 741 4237 incusabantque
759 4169 837 4237 vulgo
854 4172 1018 4226 Anastasium
1035 4172 1190 4226 insatiabilis
1209 4173 1296 4225 avari-

198 4242 269 4308 tiae,
295 4237 362 4297 adeo
379 4252 408 4295 ut
424 4239 535 4294 disticha
552 4241 679 4307 quaedam
694 4238 723 4290 in
741 4254 799 4290 eum
817 4240 844 4291 in
859 4240 1040 4310 Hippodromo
1057 4242 1169 4311 populus
1185 4259 1297 4308 susspen-

199 4311 283 4377 derit,
307 4330 364 4366 eum
388 4313 477 4364 ferrea
494 4309 520 4363 ai
536 4309 622 4376 imago
640 4308 668 4360 in
687 4307 732 4360 illo
747 4308 834 4376 posita
850 4311 955 4365 fuisset.
991 4329 1083 4365 verens
1100 4323 1186 4364 autem
1203 4311 1295 4362 famosi

199 4380 246 4444 (at
262 4380 372 4434 Romani
388 4387 500 4447 vocant,
526 4394 603 4448 quam
621 4394 668 4431 nos
686 4376 887 4447 blasphemiam)
911 4380 939 4431 ni
954 4388 1030 4433 sunt:
1054 4376 1212 4448 “imaginem
1235 4378 1294 4445 tibi,

196 4448 340 4520 imperator
356 4452 476 4505 tumidum
497 4449 649 4518 destruens,
675 4447 774 4503 huicce
792 4466 808 4502 e
825 4450 898 4505 ferto
915 4449 1050 4521 posuimus
1070 4457 1101 4504 ut
1117 4466 1200 4503 uooen
1216 4446 1279 4503 vilio
