3125 4959
251 493 327 568 214
653 489 822 558 1oann1s
847 447 949 561 anm

252 665 327 737 alnou
344 663 544 751 βούλονται),
565 660 653 732 ίνθεν
672 673 736 744 τοῖς
755 658 915 750 ὁτιδήποτε
930 665 1052 749 ζητοῦσι
1064 661 1103 730 τά
1114 658 1273 753 ὅτειλῆποτι
1286 693 1340 737 πε-

252 774 410 860 πραγμένα
425 767 574 853 σάντομος
590 772 656 856 περὶ
671 769 728 854 τὴν
743 768 860 855 εὕρεσιν
876 768 1011 834 εὐκολία·
1037 767 1071 845 ἕξ
1093 767 1192 837 odada
1206 770 1266 857 γάρ
1281 779 1342 836 τοῖν

251 875 398 963 ῥεγίστων
410 877 459 938 καὶ
474 877 668 957 κοττιιλιανῶν
682 869 702 955 ἢ
716 869 844 953 δάναμις
855 877 917 937 τῶν
930 870 1145 957 πεπραγμίνων
1160 872 1342 957 ίγινώσκετο.

248 984 369 1043 ’θάττον
385 978 418 1043 dl
432 973 449 1041 d
463 983 519 1061 τῆς
534 974 647 1054 τάξεως
661 971 941 1064 ίνστροαμεντάριος
956 971 1121 1056 λαμβάνων
1139 974 1199 1041 άπὸ
1219 983 1278 1041 τῶν
1298 977 1341 1059 cisi

251 1078 353 1158 άκτις,
378 1078 430 1145 τὸν
450 1077 561 1166 χρόνον
577 1082 628 1144 καὶ
642 1078 695 1145 τὸν
709 1075 826 1143 ὕπατον
840 1078 872 1144 ἓν
886 1072 1019 1165 ἐπιτάμρι
1034 1074 1248 1160 σημειοάμενος
1264 1079 1365 1165 πρόςᾶ

250 1193 373 1266 ταχεῖαν
388 1180 555 1266 ἀνάμνησιν
568 1180 657 1270 λόγῳ,
683 1187 798 1248 θᾶττον
812 1178 1018 1264 ἀπηλλάττετο
1030 1175 1139 1245 πόνων.
1190 1183 1241 1245 καὶ
1254 1187 1342 1247 τοῦτο

250 1286 306 1369 μὲν
324 1285 360 1351 τὸ
378 1284 562 1368 θαυμαστὸν
578 1283 734 1372 γνώρισμα
748 1289 804 1366 τῆς
819 1284 957 1361 ιῦταξίας
973 1278 1135 1371 ἐπράττετο
1153 1282 1231 1366 μετὰ
1247 1307 1344 1350 σποα·

252 1391 326 1470 ὃῆς,
352 1389 402 1452 καί
424 1394 486 1464 πᾶς
506 1387 611 1474 καιρὸς
627 1397 691 1465 τοῖς
707 1387 870 1474 ἔφημίροις
888 1381 1035 1475 ἐγράφετο
1039 1432 1051 1465 ,
1074 1387 1154 1470 μηδὲ
1167 1391 1228 1454 τῶν
1242 1382 1345 1474 άπρά-

252 1514 332 1554 κτων
354 1487 476 1575 ἡμερῶν
501 1489 815 1577 παραλιμπανομίνων
840 1498 904 1566 τοῖς
932 1485 1161 1576 ἀναγράφουσιν
1167 1536 1181 1578 ‚q
1204 1486 1274 1554 ἀλλ’
1300 1486 1346 1554 ἔτι

251 1593 303 1656 καὶ
320 1591 376 1668 τάς
390 1594 489 1669 αἰτίας
504 1583 546 1657 ὧν
560 1594 644 1671 ἕνεκα
659 1591 757 1680 άργάς
769 1591 865 1669 αὐτάς
877 1589 950 1658 εἶναι
966 1592 1138 1674 συνέβαινεν
1150 1589 1344 1679 άναγραφάν-
1353 1601 1389 1656 10

250 1719 321 1761 των.
372 1696 422 1760 καλ
440 1701 529 1760 τοῦτο
545 1697 601 1778 μὲν
615 1695 799 1778 θαυμαστὸν
813 1686 868 1776 ἦν,
893 1691 913 1779 ἦ
930 1695 963 1759 δι’
975 1699 1036 1759 τῶν
1049 1696 1216 1780 λεγομένων
1234 1718 1345 1781 περσο-

250 1798 363 1862 ναλίων
380 1797 542 1886 ἀναγραφὴ
558 1798 669 1874 παντὸς
680 1799 806 1862 ἰπαίνοα
822 1799 963 1882 κρείττων
973 1798 1097 1874 δικαίως
1109 1799 1266 1879 ἔνομιζετο.
1291 1796 1347 1874 τὰς

250 1898 310 1985 γάρ
336 1898 511 1984 άιᾱγνιάσεις
533 1903 730 1988 περιίφραζεν
742 1901 881 1964 Ἰταλιστὶ
898 1894 915 1962 d
931 1904 993 1963 τῶν
1007 1896 1208 1982 βοηθούντων
1220 1896 1346 1984 λογικοί·

251 2025 344 2078 τατος
361 2000 442 2066 οὕτω
465 2003 543 2066 κατὰ
566 2002 673 2068 λεπτὸν
697 1999 774 2068 ὥστε
780 2049 791 2079 ,
815 1999 872 2065 κάν
892 2002 920 2066 εί
937 1999 1029 2085 τυχὸν
1041 2001 1278 2089 παραπολίσθαι
1292 2001 1347 2084 τὴν

251 2102 413 2188 διάγνωσιν
430 2105 540 2187 σανίβη
556 2104 644 2182 ποτί,
667 2103 810 2186 &oodric
823 2099 920 2188 μάνης
931 2109 987 2187 τῆς
1000 2101 1228 2192 ααραφράσεως
1242 2106 1293 2169 καλ
1305 2101 1347 2181 ὡς
1354 2113 1390 2169 15

250 2203 474 2283 ὖποταπαλσεως
491 2198 584 2284 αὖθις
601 2204 754 2272 δύνασθαι
771 2212 879 2291 στῆναι
893 2204 949 2289 τὴν
965 2203 1136 2292 διάγνωσιν.
1186 2210 1236 2271 καὶ
1258 2213 1347 2272 τοῦτο

251 2308 374 2393 συμβᾴν
399 2308 457 2394 ἐγώ
483 2309 574 2386 αὐτὸς
599 2310 821 2396 διαμίμιημαι·
861 2306 1050 2394 διαγνώσεως
1072 2309 1131 2397 γὰρ
1156 2311 1348 2393 ιίσαχθείσης

222 2412 326 2494 ῚΛμίν,
351 2419 412 2477 τῶν
432 2412 465 2476 δὲ
487 2411 537 2502 ἐπ’
562 2412 639 2499 αὐτῇ
661 2413 860 2498 πραχθέντων
877 2411 1016 2494 odiosos
1034 2413 1237 2500 φαινομίνων,
1264 2415 1348 2478 είσα-

251 2514 380 2595 χθέντος
394 2515 442 2578 ἐπὶ
459 2522 515 2597 τῆς
528 2514 624 2600 ἀρχῆς
638 2521 694 2579 τοῦ
710 2515 868 2600 λεγομίνοα
886 2515 1084 2602 περσοναλίοα
1102 2515 1172 2599 ἵστη
1188 2512 1349 2600 διάγνωσις

253 2617 323 2680 κατ’
351 2617 439 2680 οὐδὲν
460 2617 612 2682 ίνάίοασα.
663 2619 713 2681 καὶ
728 2619 774 2694 τίς
789 2617 845 2684 oda
862 2616 901 2682 άν
915 2615 1100 2703 ίπιδακράση
1116 2624 1178 2682 τῶν
1194 2618 1391 2701 ε’γκιομίων20

254 2721 297 2794 εἰς
317 2718 438 2801 μνήμην
458 2717 632 2805 ἐρχόμενος,
659 2715 706 2796 οἷς
718 2716 794 2806 ὑπὲρ
806 2725 862 2803 τῆς
873 2715 986 2798 τάξεως
999 2720 1050 2783 καλ
1064 2725 1126 2785 τῶν
1139 2718 1283 2785 τοιοάταιν
1295 2726 1349 2802 τῆς

253 2821 362 2905 άρετῆς
380 2819 597 2907 γνωρισμάτων
616 2818 765 2908 ἐχρήσατο
783 2818 907 2908 Sipyli<
921 2845 953 2886 τε
968 2818 985 2885 d
1002 2821 1097 2900 πολιλς
1110 2823 1159 2888 καὶ
1174 2819 1318 2908 Πρόκλος
1331 2818 1348 2884 ὅ

253 2921 445 3000 δικαιότατος
462 2921 672 3011 Τριβωνιανάς
683 2919 745 2989 ssd
761 2925 1048 3006 πολυμαθέστατος,
1073 2915 1116 2992 ὦν
1137 2921 1155 2988 d
1175 2925 1232 3006 μὲν
1249 2923 1349 3011 ὕπαρ-

320 3134 340 3186 2
356 3129 497 3196 εάιιολίας·
520 3128 549 3200 ἐξ
562 3129 658 3190 αάτάν
673 3134 731 3190 sois
745 3129 801 3215 γὰρ
814 3129 953 3203 duriores
968 3133 1002 3190 0.
1139 3132 1159 3190 4
1174 3129 1191 3191 ά
1204 3134 1282 3206 ruho
1296 3152 1347 3190 om.

324 3203 357 3256 13
373 3201 482 3256 Ἰταλίδι
500 3205 589 3272 vulgo.
695 3206 728 3259 19
744 3203 802 3258 soti
818 3201 907 3273 vulgo.

254 3388 348 3459 qnibna
372 3387 580 3461 quandocunque
599 3391 786 3462 quaerentibus
807 3390 1015 3464 quandocunque
1036 3396 1096 3446 acta
1117 3390 1197 3445 facile
1220 3390 1351 3459 brevique

254 3458 440 3512 inveniuntnra
467 3476 500 3512 ex
515 3460 581 3529 ipsis
594 3461 663 3513 enim
675 3462 788 3529 regestis
802 3472 831 3515 et
846 3462 985 3516 cotidianis
1002 3469 1119 3515 actorum
1135 3478 1233 3513 stamma
1255 3478 1349 3512 nosce-

255 3528 341 3581 batur.
366 3543 516 3596 quaecum
530 3527 612 3582 officii
631 3530 857 3584 instrumentarius
869 3534 903 3585 ab
916 3539 1032 3584 actorum
1048 3529 1207 3612 praepositis
1222 3526 1349 3598 sumpsis-

256 3604 314 3660 set,
340 3604 442 3666 tempus
457 3605 485 3649 ct
499 3597 630 3650 cotrsulem
645 3599 679 3650 ad
694 3598 804 3651 celerem
822 3599 971 3653 memoriam
985 3601 1139 3669 compendio
1157 3598 1283 3651 citissime
1300 3613 1348 3648 no-

255 3666 339 3717 tabat..
374 3673 402 3718 et
418 3667 467 3718 boc
481 3666 593 3734 quidem,
611 3666 765 3720 admirabile
780 3667 936 3739 disciplinas
952 3667 1085 3734 indicium,
1103 3667 1243 3736 diligenter
1259 3666 1351 3731 tiebat,

255 3739 282 3784 et
300 3750 375 3784 omne
398 3741 499 3805 ternpus
516 3735 542 3787 in
560 3734 699 3788 cotidianis
726 3737 880 3801 notabatur3
907 3755 938 3790 ac
959 3755 993 3788 ne
1016 3745 1140 3789 vacantes
1168 3735 1273 3804 quidem
1294 3734 1352 3786 dies

242 3802 446 3871 -perscriptores
466 3803 635 3870 omittebant,
658 3821 751 3858 causas
767 3821 886 3874 quoque,
909 3823 990 3874 quare
1005 3823 1102 3858 vacare
1117 3822 1163 3857 eos
1178 3802 1351 3869 contingeret,

255 3878 420 3923 annotantes.
456 3881 484 3930 et
500 3872 550 3925 hoc
562 3873 666 3942 quidem
679 3874 830 3927 admirabile
846 3883 917 3927 erat:
934 3874 1107 3944 personalium
1122 3890 1201 3938 vero,
1221 3887 1288 3939 quae
1302 3889 1351 3924 vo-

196 3979 199 3984 .
256 3947 332 4003 cant,
364 3939 520 4010 perscriptio
548 3941 640 4009 quavis
663 3942 739 3996 lande
762 3943 845 3996 maior
867 3944 924 3996 iure
947 3944 1155 3996 existimabatur.
1189 3939 1352 4021 cognitiones

256 4007 355 4076 quippe
373 4009 518 4062 adintornm
535 4009 726 4064 literatissimns
748 4011 844 4064 Latino
868 4029 988 4066 sermone
1005 4020 1057 4065 tam
1075 4016 1197 4065 accurate
1214 4008 1349 4060 circumlo-

255 4091 339 4144 quens
356 4077 496 4144 efferebat,
516 4087 558 4144 nt,
576 4079 639 4132 licet
654 4081 723 4133 sorte
740 4081 828 4150 perire
844 4081 983 4150 aliquando
997 4080 1171 4149 cognitionem
1189 4077 1352 4146 contigisset,

256 4162 290 4196 nx
307 4145 365 4212 ipse
381 4145 438 4197 sola
454 4149 607 4215 paraphrasi
622 4155 649 4200 ct
666 4150 742 4217 quasi
758 4150 935 4219 descriptione
951 4140 1056 4202 restitui
1071 4156 1178 4221 posset;
1195 4148 1265 4215 quod
1279 4145 1350 4198 acci-

256 4213 328 4264 disse
346 4222 447 4281 egomet
464 4215 582 4269 memini:
608 4217 757 4283 introducta
781 4218 849 4271 enim
866 4219 1032 4287 cognitione,
1056 4235 1114 4271 cnm
1136 4232 1204 4286 quae
1221 4231 1301 4285 super
1318 4231 1352 4267 ea
1459 4252 1463 4256 -

256 4291 315 4334 acui
331 4291 392 4334 sunt
409 4299 534 4351 nusquam
551 4294 692 4355 apparent,
709 4287 782 4340 illato
797 4287 824 4339 in
837 4291 1028 4357 praefecturam
1042 4283 1189 4356 personali,
1206 4294 1235 4336 ut
1247 4293 1353 4350 vocant,

256 4349 372 4417 cognitio
391 4353 467 4404 datur
484 4353 552 4406 nulla
568 4354 596 4406 in
613 4372 643 4406 re
660 4373 761 4409 manca.
796 4374 827 4409 ac
843 4357 902 4425 quis
920 4373 972 4409 non
988 4355 1127 4408 illacrimet
1140 4352 1242 4405 laudum
1255 4369 1352 4405 memo-

257 4417 321 4469 riam
343 4428 478 4486 repetens,
503 4421 578 4490 queis
603 4424 719 4477 officinm
741 4424 851 4478 attalia
873 4424 984 4478 virtutis·
1003 4429 1168 4477 monumenta
1184 4421 1354 4474 celebravere

257 4485 416 4542 άοτίωἰωιιτ
434 4489 544 4560 Sergius
567 4499 596 4546 at
617 4493 773 4548 iratissimus
798 4494 906 4548 Proclns
933 4502 961 4548 et
979 4492 1145 4549 doctissimam
1165 4489 1353 4553 Tribonianus,
