3125 4959
601 381 948 477 commutemus
1282 404 1320 455 m
1444 451 1460 477 ,

225 596 296 651 runt
308 606 366 649 nec
380 586 506 649 fortusse
520 595 592 648 sont
605 604 740 667 umquem
754 585 789 644 in
805 585 915 665 vulgus
930 584 1056 665 prolate.
1097 593 1129 646 et
1146 584 1321 651 adolescens

225 690 349 774 quidem
363 691 481 770 scripsit
504 688 544 770 1)
557 688 761 749 medaucum
774 688 872 747 betici
882 708 913 769 p.
924 706 956 768 Ρ,
969 688 1046 745 circs
1057 706 1086 746 e·
1097 689 1175 768 512,
1193 702 1320 772 patrono

224 804 290 854 tom
305 794 463 874 probatam
476 802 510 851 nt
523 811 578 871 pro
593 790 720 872 singulis
733 789 868 851 versibus
881 791 1015 870 singulos
1033 787 1145 851 solidos
1161 812 1266 853 eureos
1280 791 1321 852 de

224 918 331 958 menso
343 896 553 977 praefecturae
561 891 647 974 Lydo
660 900 831 951 numeraret
848 890 956 973 (rid.8
976 896 1019 957 27
1039 896 1142 973 Ρ.219
1160 895 1217 976 21)
1229 916 1321 956 reno·

227 1010 295 1060 vste
313 1000 482 1059 Cumcsllse
498 1000 531 1057 in
546 998 716 1076 Oppianum
731 994 948 1073 0ctsviseque,
969 1003 1003 1052 ut
1018 995 1134 1073 ferunt,
1155 998 1188 1055 in
1201 1001 1236 1057 P.
1249 1000 1321 1060 Vir.
1424 982 1429 996 '

226 1103 335 1182 gilium
355 1102 544 1161 liberalitate.
587 1096 695 1158 deinde
716 1096 758 1176 2)
778 1098 942 1153 oratiorum
959 1096 994 1153 in
1012 1097 1134 1157 &sudem
1156 1100 1323 1159 Iustiruom‘

226 1204 315 1285 Aug.
333 1202 469 1264 habitem
482 1219 582 1261 corem
594 1199 701 1280 legetis
714 1199 893 1278 amplissimi
905 1194 1018 1258 ordinis
1030 1219 1071 1258 ex
1084 1201 1158 1259 orbe
1171 1200 1212 1262 sd
1225 1204 1322 1263 comi-

226 1318 323 1369 tasum
337 1308 438 1367 missis
450 1303 485 1385 (8
505 1305 547 1368 28
563 1322 595 1382 Ρ.
603 1302 666 1366 221
686 1298 751 1381 14).
775 1301 1002 1381 abimperstore
1012 1304 1104 1362 etism
1116 1304 1244 1363 scribere
1256 1307 1322 1365 ins-
1337 1317 1367 1374 Ρ·
1384 1316 1414 1355 ¹1

227 1429 279 1471 sus
301 1420 347 1470 est
372 1408 413 1491 8)
434 1407 590 1467 lotorem
605 1405 719 1483 prioris
739 1402 814 1462 belli
829 1406 960 1477 Persr'ci,
981 1403 1064 1485 quod
1082 1418 1254 1488 susceptum
1272 1408 1323 1469 vel

226 1512 326 1593 potius
345 1512 545 1572 instauratum
564 1507 620 1568 sub
638 1507 752 1567 Iustino
766 1517 836 1586 post
848 1507 999 1587 insignem
1013 1510 1143 1569 Perozee
1158 1508 1199 1570 ed
1210 1512 1323 1570 Darem

227 1613 373 1696 oppidum
386 1611 504 1675 cladem
526 1612 541 1691 (
546 1630 575 1671 t.
588 1614 714 1690 Procop.
728 1612 813 1669 Pers.
825 1612 841 1674 1
870 1614 906 1674 18
917 1628 964 1692 sq.
985 1608 1035 1669 ed.
1045 1613 1120 1691 Reg.
1131 1614 1227 1673 Pstis.
1242 1616 1324 1678 1662

226 1727 301 1779 tom.
319 1722 334 1781 1
353 1738 385 1797 p.
398 1713 558 1795 85-42)
580 1732 654 1794 poce
670 1723 816 1791 operculo
830 1712 884 1771 ille
907 1712 962 1794 (eo
977 1714 1060 1772 enim
1075 1711 1189 1774 Graeco
1201 1715 1325 1773 nomine
1389 1741 1391 1745 ·

228 1839 247 1880 s
267 1821 383 1879 Latinis
402 1838 523 1901 quoque
543 1816 712 1877 sonoribus
727 1815 918 1898 nominetur)
939 1834 968 1875 s.
981 1814 1044 1881 588
1057 1816 1251 1875 temrinetum
1267 1825 1325 1875 est.

175 1920 177 1923 ’
227 1940 401 2005 quenquam
420 1943 481 1984 non
504 1922 693 2001 exploratum
711 1916 810 1977 habeo
823 1929 1000 1978 exsecutum
1014 1938 1085 1978 omn
1100 1939 1166 1980 esse
1179 1919 1327 1999 principis

133 2099 135 2103 ι
228 2024 371 2085 mendsts
382 2026 524 2108 illiusque
536 2025 610 2085 belli
622 2022 780 2081 historiam
792 2040 896 2079 rerem
906 2024 1124 2101 perscripsisse.
1164 2040 1238 2097 nec,
1256 2040 1328 2081 cum

228 2128 261 2185 in
282 2128 349 2186 eliis
369 2130 486 2205 scriptis
507 2128 569 2185 suis
592 2121 862 2185 commemorandis
879 2125 1017 2205 quemvis
1031 2125 1145 2185 multus
1158 2126 1214 2200 sit,
1234 2121 1327 2184 huius

226 2238 309 2306 ,cene
322 2242 453 2307 usquam
464 2227 613 2286 meminit.
653 2246 711 2286 nec
723 2224 861 2287 hercules
872 2236 1027 2308 tantopere
1041 2246 1109 2287 eom
1121 2225 1328 2314 desideremus

230 2329 278 2411 (si
297 2327 388 2390 modo
407 2327 559 2389 mediocre
579 2336 678 2409 potest
701 2347 766 2387 esse
784 2329 877 2389 ullius
892 2332 1033 2411 sntiquee
1048 2328 1190 2391 historice
1205 2328 1329 2391 deside·

230 2430 346 2513 rium),
375 2431 458 2514 quod
476 2432 588 2492 nobilis
605 2429 694 2491 nobis
715 2428 842 2509 scriptor
860 2442 978 2510 praesto
996 2443 1042 2491 est
1062 2435 1244 2511 Procopius,
1273 2430 1328 2512 qul

155 2550 162 2563 ‘
230 2536 307 2596 libro
328 2537 517 2595 Persicorum
536 2535 634 2613 primo
655 2533 776 2613 prolixe
797 2531 870 2591 sctis
890 2529 998 2592 eodem
1024 2531 1063 2592 de
1084 2533 1165 2593 bello
1178 2552 1234 2594 nos
1251 2532 1329 2593 edo-
1460 2548 1463 2552 ·

232 2648 307 2697 cest.
349 2648 440 2718 atque
461 2633 538 2695 hoec
560 2633 684 2716 quidem
697 2634 802 2716 Lydus
815 2642 914 2693 setste
928 2635 1052 2695 ineunte
1065 2654 1101 2694 sc
1116 2633 1235 2695 medis:
1255 2654 1329 2717 pro·

231 2747 317 2799 vecte
329 2757 399 2797 vero
414 2748 444 2797 et
456 2741 592 2797 extrema
607 2739 725 2817 scripsit
739 2738 790 2796 vel
804 2749 883 2798 certe
899 2740 1027 2800 coniecit
1039 2739 1105 2798 ills.

196 2888 199 2893 .
315 2841 362 2899 De
375 2842 537 2899 Mmrsmus
547 2839 676 2899 librum:
698 2848 737 2897 ut¹
745 2839 810 2917 ipse
822 2841 964 2919 loquitur,
985 2837 1043 2921 sris
1055 2839 1124 2923 mol
1135 2843 1242 2921 μηνῶν
1255 2854 1324 2923 svp.
1344 2836 1366 2903 5

231 2938 355 3027 γραφήν
366 2943 445 3001 iufra
457 2960 489 3022 Ρ.
501 2944 560 3006 179
576 2945 606 3018 7,
628 2941 692 3001 sive
705 2934 763 3020 erio
775 2939 846 3022 esst
859 2946 967 3022 μηνῶν
978 2944 1182 3025 πραγματείαν
1190 2944 1291 3021 Ρ.119
1306 2945 1329 3008 8

233 3055 263 3104 et
285 3065 318 3125 Ρ.
333 3046 393 3109 169
414 3048 452 3122 7,
473 3039 510 3108 sol
531 3043 601 3127 cepi
622 3046 728 3127 μηνῶν
745 3062 777 3125 Ρ.
795 3040 857 3108 184
880 3043 920 3110 1⁵
942 3054 972 3105 et
994 3066 1025 3125 Ρ.
1040 3045 1104 3112 284
1125 3048 1180 3123 19,
1200 3042 1240 3109 esi
1260 3043 1330 3129 περὶ

233 3150 341 3228 μηνοῖν
354 3146 507 3229 γραφέντα
517 3149 626 3227 Ρ.·127
646 3150 690 3213 22
709 3156 741 3206 et
761 3166 794 3228 p·
807 3148 868 3212 178
890 3139 926 3224 1,
953 3143 991 3211 rol
1003 3147 1072 3230 περὶ
1088 3147 1332 3230 paenitudine
1346 3172 1375 3227 Ρ.
1393 3171 1436 3209 rm

233 3268 264 3329 Ρ.
280 3247 342 3314 128
366 3251 415 3324 17,
434 3245 471 3313 ro*
484 3247 554 3332 scopi
568 3253 675 3331 μηνῶν
689 3270 721 3330 Ρ.
736 3248 798 3315 184
817 3252 870 3314 20.
911 3247 993 3309 hunc
1006 3248 1143 3309 distinxit
1165 3252 1331 3332 (quantum

234 3370 275 3411 ex
295 3351 435 3431 epitomis
453 3348 637 3426 iudicemus,
665 3370 742 3433 quse
758 3352 841 3411 solae
861 3350 1038 3432 supersunt)
1069 3363 1210 3432 quattuor
1230 3354 1330 3430 tomis,

233 3452 268 3514 id
289 3464 336 3514 est
357 3452 540 3533 segmentis3
567 3452 734 3533 inscripsit,
760 3462 796 3513 ut
819 3452 928 3515 Snidss
952 3466 1056 3514 ructor
1076 3464 1123 3513 est
1143 3452 1191 3514 ed.
1212 3458 1331 3516 Kuster.

234 3551 347 3619 tom-‘2
367 3575 399 3636 p·
416 3558 491 3632 181,
514 3555 645 3616 Gobrieli
666 3575 698 3635 p.
720 3573 767 3636 p.:
789 3554 860 3616 vide
881 3576 971 3636 supra
991 3577 1023 3636 p.
1040 3576 1072 3616 x.
1115 3554 1173 3617 hoc
1189 3559 1222 3616 in
1241 3559 1332 3636 libro,

236 3658 361 3718 decurso
373 3659 465 3719 totius
479 3661 551 3718 enni
565 3660 678 3740 spatio,
701 3660 795 3719 festos
809 3660 915 3740 populi
928 3660 1056 3718 Romani
1070 3657 1149 3737 dies,
1171 3679 1232 3743 quo
1246 3662 1333 3741 qnis-

235 3758 398 3845 quemodo
413 3778 543 3842 quamve
558 3761 596 3821 ob
611 3781 734 3825 censam
750 3765 879 3843 sgitstus
891 3770 985 3837 esset,
1007 3762 1045 3820 eb
1058 3764 1143 3824 initio
1158 3784 1258 3824 rerum
1269 3768 1334 3824 Ro·

234 3884 394 3926 munerum
414 3881 510 3944 usque
533 3859 573 3921 ed
593 3866 791 3925 lustininuum
804 3870 975 3944 Augustum
987 3862 1146 3945 diligenter
1159 3877 1333 3947 persecutns

236 3979 299 4044 est,
327 3966 420 4049 idque
440 3985 482 4025 ex
500 3963 617 4026 idoneIs
638 3969 824 4045 auctoribus,
850 3987 920 4026 cum
944 3968 1065 4029 Graecis
1090 3971 1247 4049 permultis
1266 3979 1333 4028 tum

236 4069 366 4144 Latinis,
395 4069 490 4128 Gavio
515 4069 626 4143 Basso,
655 4070 796 4145 Fonteio,
824 4070 983 4151 Aquilino,
1012 4073 1130 4147 Cincio,
1157 4074 1332 4147 MVerrone,

236 4170 386 4246 Manno,
408 4172 549 4247 Visellio,
570 4170 716 4251 Apuleio,
737 4173 913 4249 MMesssla,
933 4174 1071 4233 Cornelio
1092 4174 1248 4250 Labeone,
1272 4174 1331 4233 Se·

236 4277 327 4348 nece,
348 4274 490 4350 Valente,
513 4275 678 4349 Mummio,
699 4274 827 4357 aliisque
853 4294 934 4334 nunc
951 4278 1003 4335 vel
1022 4279 1144 4337 omnino
1157 4278 1332 4356 velmngno

237 4388 279 4431 ex
297 4385 382 4454 parte
400 4374 536 4457 perditis.
578 4396 671 4461 quern
692 4376 720 4439 si
740 4378 932 4460 superstitem
950 4398 1016 4441 esse
1036 4380 1156 4441 fortune
1176 4380 1330 4460 voluisset,
