3125 4959
282 431 334 503 70
683 432 857 501 loturus
878 432 983 500 LYDI

385 606 452 675 31:¹
495 610 534 693 τῇ
548 604 608 693 πρὸ
624 602 781 695 τεσσάρων
793 612 896 673 νοννῶν
908 604 1063 695 Μαρτίων
1083 600 1195 688 ίίνεμον
1210 598 1379 691 βιαιότερον

281 703 324 786 ὥς
340 708 449 774 ἐπίπαν
466 719 549 774 πνεῖν
559 710 694 796 προλέγει
710 706 885 789 ὑΕὑιλοξος.

186 841 215 897 p·
231 828 266 885 78
385 813 446 881 32.
496 819 535 899 τῇ
558 811 617 899 πρὸ
643 820 735 902 τριῶν
752 821 858 880 νωνῶν
880 813 1036 901 Μαρτίων
1057 806 1187 887 ὑπλοὺς
1201 814 1257 894 τῆς
1269 806 1381 886 Ἴσιδος

279 915 459 994 ἐπετελεΐτο,
486 913 521 981 ὃν
540 914 584 981 ἐτι
603 920 653 982 καλ
676 925 730 983 νῦν
750 923 906 995 τελοῦντες
921 922 1048 982 καλοῦσι
1065 914 1259 1001 πλοιαφίσια.
1309 908 1381 997 eidi

273 1010 349 1103 Ἶσις
361 1026 401 1106 τῇ
410 1020 588 1104 Αίγυπτίων
600 1006 820 1109 φωνῇπαλοιιίε
835 1023 1023 1105 σημαίνεται,
1048 1017 1202 1085 τουτίστιν
1216 1014 1237 1100 ἢ
1253 1012 1404 1099 osirim

280 1124 331 1187 καί
346 1121 559 1211 προσηκόντως
573 1124 668 1207 αὐτὴν
685 1131 813 1207 τιμῶσιν
827 1121 1022 1211 ἐναρχόμενοι
1034 1128 1096 1189 τῶν
1111 1123 1288 1186 θαλαττίων
1300 1118 1380 1185 ὑελῶν

280 1225 335 1290 dud
357 1226 392 1291 τὸ
417 1224 527 1310 αὑτήν,
549 1224 591 1304 ὡς
611 1230 773 1313 ἐλίγομεν,
798 1234 838 1315 τῇ
862 1226 952 1315 φύσει
978 1233 1038 1292 τῶν
1061 1221 1184 1289 ὑιλιλτων
1206 1221 1380 1311 ἐφεστάναι.

281 1331 358 1415 φασί
383 1329 416 1393 δὲ
435 1327 550 1414 ταύτην
568 1332 619 1395 καί
640 1327 743 1415 ὑγείας
763 1326 837 1396 εἶναι
867 1328 1025 1417 δότειραν,
1053 1324 1196 1414 καθάπερ
1221 1323 1309 1413 ἡμεῖς
1328 1326 1381 1391 τὸν

273 1428 464 1515 Ἀσκληπιόν.
515 1432 626 1500 ταὺτὺν
651 1434 683 1498 d’
712 1432 751 1499 din
775 1433 839 1518 τίη·
861 1431 962 1520 ὥσπερ
986 1430 1046 1519 γὰρ
1065 1427 1153 1515 ἡμεῖς
1170 1429 1225 1495 τὸν
1238 1428 1325 1513 ἥλιον
1339 1432 1382 1506 είς

277 1534 331 1599 τὸν
342 1534 522 1621 Ἀσκληπιὸν
536 1530 743 1620 λαμβάνοντες
760 1537 840 1619 μετὰ
857 1536 913 1614 τὰς
932 1538 1044 1601 ἐκείνου
1068 1533 1190 1618 δυσμὰς
1203 1540 1259 1617 τῆς
1272 1533 1380 1610 νυκτὸς
1389 1552 1420 1606 10

277 1637 491 1724 ἐπιγινομένης,
517 1640 614 1705 αἴτιον
625 1640 718 1706 αὑτὸν
733 1647 789 1704 τοῦ
802 1637 899 1702 rinnon
916 1641 968 1702 καλ
981 1636 1089 1711 νυκτὸς
1104 1639 1155 1700 καὶ
1170 1634 1380 1716 ἀναπαύσεως,

276 1727 375 1807 αίτιον
390 1745 441 1807 καὶ
459 1745 575 1829 δοτῆρα
591 1749 647 1825 τῆς
658 1738 759 1827 ὑγείας
773 1737 972 1824 μυθεύουσιν.
1031 1735 1048 1803 ὑ
1064 1738 1098 1803 δὲ
1113 1738 1294 1827 Χαιρωνεὺς
1307 1730 1381 1804 Ἶσιν

275 1845 332 1925 μὲν
354 1844 409 1926 τὴν
431 1851 488 1929 γῆν
509 1841 583 1909 είναι
604 1843 748 1927 βούλεται
767 1848 818 1909 καί
833 1844 952 1932 Ὄσιριν
971 1841 1026 1907 cdv
1040 1846 1165 1922 Νεῖλον,
1192 1847 1333 1930 Τυφῶνα
1348 1843 1382 1907 δέ

277 1944 334 2029 τὴν
348 1945 524 2027 θάλατταν,
551 1951 594 2025 είς
607 1947 645 2031 ἣν
662 1945 678 2013 ὑ
694 1954 807 2025 Νεῖλος
821 1950 977 2030 ἐμπίπτων
992 1946 1179 2033 ἀφανίζεται.

381 2049 440 2118 33.
490 2051 547 2135 τὴν
567 2050 673 2136 Τύχην
687 2050 870 2136 οἶἚλληνες
885 2047 1040 2138 γράφουσι
1056 2045 1295 2135 βουπρόσωιιον·
1321 2046 1379 2133 ἐγαλ
1388 2059 1419 2116 15

276 2149 310 2215 d’
327 2148 412 2236 οἶμαι
428 2154 484 2236 τὴν
496 2152 594 2242 ὑγρολν
609 2153 684 2222 εἶναι
700 2156 818 2237 οὑσίαν,
835 2153 910 2221 ὅθεν
922 2157 974 2220 καὶ
989 2151 1106 2219 ἀκουὺν
1115 2151 1211 2236 αὑτὴν
1218 2148 1381 2233 Ῥωμαίοις

275 2250 350 2332 ἐθος
366 2259 466 2322 καλεῖν
489 2257 550 2324 ἀπὸ
574 2266 628 2344 τῆς
652 2256 792 2344 ἐσότητος
813 2258 863 2345 (τὺ
887 2258 919 2324 δ’
937 2256 1022 2343 ὕδωρ
1043 2253 1222 2343 ὁμοιομερές
1239 2258 1290 2321 καί
1314 2255 1381 2321 ἴσον

181 2406 211 2459 Ρ,
227 2390 263 2447 79
276 2356 332 2439 τὴν
356 2357 481 2447 φίσιν)·
507 2364 559 2427 καλ
579 2369 680 2441 καλῶς
704 2363 804 2429 ἀκουιλ
828 2360 906 2452 πρὸς
927 2361 1029 2427 αὑτῶν
1050 2356 1244 2442 ὠνόμασται,
1276 2358 1380 2442 ἐπειδὴ

275 2461 331 2545 τὴν
353 2460 477 2549 ἰσότητα
493 2464 562 2551 ἦτοι
585 2463 798 2557 ὑμοιομίρειαν
819 2466 880 2534 ἀπὸ
902 2471 959 2533 τοῦ
977 2462 1078 2531 ἄκουολ
1100 2462 1179 2529 κατὰ
1195 2460 1380 2550 παραγωγὴν

275 2564 479 2634 ἐπικαλοῦσιν.
1384 2581 1418 2635 m

380 2666 440 2739 34.
492 2672 540 2736 ἐπί
565 2673 737 2758 Ταρκυνίαν
759 2672 900 2760 Πρίσκου
923 2676 981 2737 soii
1000 2666 1093 2758 ῥηγὺς
1110 2665 1282 2750 Ἀμάλθεια
1307 2665 1379 2733 τοὺ-

275 2767 357 2856 νομεί
372 2797 418 2852 τις
430 2773 506 2860 γυνὴ
523 2764 594 2859 ἧκεν
612 2770 654 2853 ὥς
669 2772 779 2857 αὑτόν,
803 2775 1005 2864 ἐπιφερομένη
1022 2781 1103 2862 τρεῖς
1119 2774 1250 2857 βίβλους
1266 2773 1379 2859 (λζἠσ·

347 2965 382 3019 10
397 2963 483 3037 μετὰ]
499 2960 519 3037 ἢ
535 2966 605 3034 μεταλ
621 2970 655 3026 Ρ.
785 2973 819 3025 12
835 2979 898 3042 post
915 2967 1011 3042 ὑγείας
1027 2972 1086 3024 fere
1103 2968 1170 3021 haec
1187 2965 1319 3020 excidisse
1335 2964 1377 3019 vi-

346 3036 443 3091 dentur
464 3036 613 3091 Rootheroa
646 3032 738 3101 οὑτως
759 3034 861 3094 ἐκεῖνοι
882 3038 935 3110 τὴν
956 3032 1037 3100 Ἰσιν,
1059 3034 1147 3090 ολονελ
1176 3032 1229 3104 τὴν
1252 3034 1377 3107 σελήνην,

345 3104 441 3181 αἰτίαν
456 3103 505 3161 καί
519 3102 650 3177 δίτειραν
666 3108 718 3178 τῆς
733 3102 840 3178 ὑγείας.
961 3109 993 3162 15
1012 3100 1223 3179 duossimus
1238 3105 1274 3159 V.

345 3277 391 3331 ³1.
425 3275 459 3332 Α.
471 3278 499 3334 d.
512 3276 630 3336 4Nonas
642 3279 754 3337 Martias
763 3287 871 3337 ventum
884 3278 1108 3336 vehementiorem
1119 3269 1300 3349 utplurimum
1312 3275 1378 3329 flare

275 3346 408 3417 praedicit
420 3346 558 3402 Eudoxus.

345 3416 391 3470 32.
425 3415 458 3469 A.
477 3419 505 3471 d.
523 3420 541 3471 3
561 3418 652 3472 Nonas
668 3418 780 3473 Martias
799 3420 880 3474 Isidis
897 3419 1030 3489 navigium
1047 3419 1193 3486 agebatur,
1212 3412 1378 3485 quodetiam

277 3500 346 3537 nuuc
361 3493 472 3553 agentes
490 3486 660 3555 πλυιοιφὲσια
677 3495 783 3542 vocant.
818 3489 870 3543 lais
894 3498 981 3543 autem
997 3487 1188 3557 Aegyptiorum
1203 3485 1295 3551 lingua
1309 3481 1378 3533 idem

277 3556 348 3621 quod
361 3554 471 3625 antiqua
483 3555 562 3625 valet,
576 3557 603 3610 id
616 3563 661 3610 ,σοι
672 3556 750 3625 luna3
767 3565 795 3611 et
807 3558 901 3611 merito
917 3576 975 3612 eam
987 3558 1076 3611 colunt
1088 3555 1269 3624 ingredientes
1283 3549 1379 3631 itinera

277 3623 386 3692 marina,
400 3632 543 3695 propterea
555 3628 623 3697 quod
637 3625 690 3699 illa,
705 3638 735 3680 ut
747 3628 869 3694 diximus,
883 3644 1010 3697 aquarum
1022 3633 1133 3679 naturae
1145 3630 1262 3694 praeest.
1288 3620 1380 3672 ducunt

279 3700 366 3772 antem
382 3694 450 3746 hanc
465 3696 543 3749 etiam
561 3696 682 3750 sanitatis
701 3715 760 3750 esse
777 3707 926 3765 auctorem,
947 3697 1162 3767 quemadmodum
1185 3708 1233 3743 nos
1251 3688 1377 3771 desocia-

278 3774 360 3841 pJan.
387 3762 457 3817 idem
472 3772 559 3819 autem
574 3767 623 3819 hoc
636 3768 694 3819 iere
708 3766 803 3819 fuerit:
817 3776 847 3819 ut
860 3768 929 3820 enim
942 3785 990 3819 nos
1004 3766 1086 3819 solem
1098 3766 1127 3816 iu
1136 3758 1319 3827 Aesculapium
1329 3776 1377 3839 ac-

278 3837 407 3895 cupientes
425 3843 487 3901 post
501 3834 570 3889 illius
587 3853 715 3903 occasum,
732 3854 790 3889 cum
806 3854 858 3889 nox
876 3836 1009 3903 oboritur,
1027 3843 1161 3889 auctorem
1179 3845 1238 3880 eum
1255 3845 1339 3879 eomm
1351 3832 1380 3880 et

277 3898 363 3949 noctis
381 3909 409 3952 et
423 3902 530 3972 quietis,
547 3912 680 3958 auctorem
695 3912 775 3975 atquae
792 3909 943 3959 effectorem
957 3904 1095 3968 sanitatis,
1115 3900 1165 3968 [sic
1179 3898 1218 3950 iili
1230 3898 1281 3964 ——]
1301 3899 1364 3950 sabn

277 3964 375 4019 lantur.
399 3972 512 4039 scriptor
525 3984 611 4028 autern
625 3974 819 4029 Chaeronensis
833 3976 1015 4043 (Plutarchus)
1029 3973 1127 4025 Isidem
1139 3978 1238 4021 terram
1251 3984 1310 4021 esse
1322 3965 1378 4019 vult

277 4035 415 4104 θλθδῐῑῐιι,
434 4038 530 4107 Nilum,
544 4044 701 4113 Typhonem
713 4052 799 4099 autem
806 4063 887 4106 mare,
899 4043 1006 4111 inquod
1018 4040 1136 4092 incidens
1146 4038 1222 4090 Nilus
1233 4034 1377 4089 evanescit.

345 4105 392 4159 ³3.
426 4107 570 4163 Fortunam
584 4114 682 4165 Gracci
699 4113 812 4182 pingunt
828 4115 927 4165 bovina
945 4110 1031 4164 [τοῖσι
1048 4126 1098 4176 ego
1112 4124 1176 4159 vero
1194 4106 1314 4159 existimo
1329 4105 1378 4156 hu-

278 4172 376 4230 midam
393 4192 453 4228 esse
465 4178 654 4247 substantiam,
672 4184 740 4234 unde
759 4183 839 4234 etiam
857 4198 950 4249 aquam
967 4195 1025 4232 eam
1042 4176 1153 4230 Romani
1170 4193 1266 4229 uocare
1282 4174 1378 4239 solent,

276 4246 313 4299 ab
330 4244 464 4313 aequitate
481 4245 563 4315 (aqua
578 4258 664 4301 autem
683 4250 835 4318 aequalibus
852 4249 972 4318 partibus
993 4254 1097 4300 constat
1113 4255 1141 4299 et
1163 4262 1248 4315 aequa
1267 4252 1310 4297 est
1330 4260 1377 4296 ua-

277 4314 360 4378 τιιττ),
376 4320 404 4366 et
418 4314 488 4366 bene
502 4330 571 4383 aque
585 4316 618 4368 ab
632 4317 666 4370 iis
682 4318 815 4372 nominata
827 4325 878 4387 est,
894 4335 952 4392 cum
965 4315 1124 4387 aequitatem
1136 4316 1180 4371 vel
1193 4313 1379 4385 aequalitatem

277 4387 392 4449 partium
409 4385 442 4436 ab
457 4399 526 4451 aqua
540 4402 572 4437 ex
587 4386 752 4440 derivatione
765 4393 872 4441 vocent.

344 4452 390 4507 34.
424 4452 564 4523 Regnante
582 4455 729 4527 Tarquinio
753 4456 847 4512 Prisco
864 4455 957 4512 mulier
971 4455 1099 4529 quaedam
1118 4452 1256 4511 Amalthea
1275 4448 1380 4507 nomine
