3125 4959
246 428 320 501 294
645 426 817 495 losnms
841 422 944 491 uum

245 588 378 667 ἀριστερά
407 597 504 665 uecta
531 592 589 675 τῆς
618 586 752 673 σελήνης
781 586 861 675 δόξη
888 583 1107 672 ὑπερβάλλειν
1138 584 1202 669 τήν
1229 583 1335 659 ἄλλον,

220 715 224 723 ·
246 694 354 765 αάχμδς
381 694 457 751 ἔσται
486 696 533 750 καί
559 697 636 750 σίτου
665 687 801 771 ἀπορία.
859 685 918 754 triv
944 687 981 754 ἐν
1007 684 1113 773 ἡμέρα
1140 684 1254 772 πρώτῃ
1280 693 1340 773 τῆς

247 801 359 878 φωνῆς
373 827 679 852 ·················
694 787 809 872 ἄνεμοι
828 785 887 855 τὸν
906 792 997 874 μῆνα
1017 792 1280 854 καταπνεννννσιν·

333 891 495 977 Σελήνη
515 892 661 977 ταύρῳ.
704 890 732 956 εί
757 889 872 975 ἐκλίπη
900 889 1011 976 ήλιος,
1038 887 1202 974 ἐρήμωσιν
1229 884 1344 953 ἀπειλεῖ

248 1004 308 1062 τοῖς
330 995 501 1069 ἀνθρώποις.
552 993 613 1065 atri
637 994 734 1064 σελήνη
755 988 808 1056 ἐπὶ
828 995 886 1075 τῆς
909 989 1061 1072 δευτέρας
1082 993 1231 1076 φυλακῆς
1251 999 1367 1060 caea-⁵

249 1097 340 1168 ιώὸνς
362 1102 455 1170 φανῇ,
478 1096 576 1168 φθορὰ
596 1092 753 1165 ἀνθρώπων
774 1091 873 1158 ἔσται.
904 1092 933 1156 εί
953 1088 974 1177 ή
996 1087 1113 1176 σελήνη
1134 1089 1167 1169 ἐξ
1186 1091 1264 1156 ἴσον
1283 1085 1345 1162 uie

249 1200 371 1267 κεραίας
392 1193 539 1270 ἀνίσχουσα
561 1196 619 1269 ἔχη,
641 1197 767 1269 θόρυβον
786 1198 827 1277 τῇ
845 1192 993 1277 βασιλείᾳ
1011 1186 1150 1258 ἀπειλεῖ·
1172 1191 1202 1258 εί
1214 1189 1249 1258 δὲ
1262 1188 1346 1256 κατὰ

250 1296 304 1367 τήν
324 1295 397 1379 μίαν
417 1297 503 1366 μόνον
525 1294 610 1367 ἐξέχῃ,
631 1295 771 1379 θόρυβοι
792 1293 922 1361 ἔσονται
943 1295 1000 1360 καὶ
1022 1295 1137 1379 φυγαί.
1179 1293 1209 1359 εί
1229 1293 1264 1359 δὲ
1285 1308 1347 1360 σει-

252 1397 320 1464 σμὸς
348 1397 459 1467 με’νηται
487 1392 543 1451 ἀπὸ
571 1394 680 1464 πρώτης
703 1395 820 1458 Μαΐου
847 1391 909 1471 ἕως
939 1390 1140 1478 δωδεκάτης,
1171 1390 1347 1477 ἀφαίρεσιν

252 1496 311 1575 τῆς
333 1490 432 1577 ἀρχῆς
451 1495 498 1578 τῷ
520 1488 692 1577 ἡγουμένῳ
714 1495 777 1556 τοῦ
797 1490 920 1573 τόπου,
949 1489 1009 1578 ἐφ’
1036 1484 1080 1558 οὗ
1109 1492 1259 1577 γίνηται,
1291 1492 1393 1563 seito

253 1593 365 1681 φόβον
386 1591 449 1659 οὐκ
471 1590 654 1671 ἀκίνδυνον
673 1587 805 1657 ἀπειλεῖ.
848 1595 878 1657 εί
898 1592 934 1659 δὲ
955 1589 1022 1658 ἀπὸ
1043 1592 1228 1679 δωδεκάτης
1246 1590 1349 1678 γένη-

254 1720 323 1774 ται,
352 1689 393 1761 οὐ
421 1691 527 1777 μόνον
556 1688 760 1758 ἀποκινεῑται
781 1688 800 1756 ὁ
823 1690 1045 1773 ἐπιτροπεύων
1064 1692 1102 1759 τὰ
1123 1692 1236 1771 ἔθνος,
1265 1689 1349 1759 ἀλλά

253 1796 311 1863 καὶ
332 1792 520 1861 ἀπόλλυται.
564 1796 750 1869 καθολικῶς
771 1781 823 1870 δέ,
854 1791 932 1858 ὅποι
955 1789 999 1857 ἀν
1020 1790 1151 1877 σεισμὸς
1172 1788 1236 1860 ἀπὸ
1260 1789 1351 1860 δεκώ-

254 1919 313 1979 της
334 1894 394 1971 ἕως
415 1897 608 1978 τριακοστῆς
628 1896 727 1959 τοῦδε
748 1898 810 1961 τοῦ
832 1888 936 1978 μηυός
957 1895 1078 1978 συμβῇ,
1099 1891 1273 1978 θορύβους
1292 1890 1350 1958 καί

256 1994 420 2078 πολέμους
443 1992 599 2059 ἀποτελεῖ.
634 1996 662 2059 εί
683 1990 748 2061 ἀπὸ
769 1990 900 2077 πρώτης
923 1998 1073 2077 φυλακῆς
1093 1991 1154 2071 ἕως
1174 1992 1268 2077 ἕκτης
1288 2007 1396 2087 occ-15

256 2093 340 2180 σμός
359 2092 502 2179 γένηται,
523 2092 669 2175 πολέμου
690 2094 828 2162 ίθνικοῦ
849 2096 976 2179 κίνησις
998 2092 1096 2174 ἔσται,
1118 2090 1137 2161 δ
1160 2093 1195 2161 δὲ
1215 2091 1351 2181 ήγοάμε·

256 2219 316 2273 νος
336 2197 397 2261 τοῦ
418 2191 594 2278 κινήματος
614 2190 876 2281 ἀναιρεθήσεται.

343 2292 503 2379 Σελήνη
525 2292 730 2379 διδύμοις.
752 2298 781 2362 εί
799 2297 940 2373 ἔκλειψις
958 2293 1090 2380 γίνηται
1110 2289 1237 2379 ήλιακή,
1258 2314 1352 2377 μετα·

257 2395 339 2484 βολή
370 2392 458 2461 ἔσται
486 2394 541 2460 καὶ
569 2392 621 2459 ἐπὶ
648 2402 716 2461 τών
743 2394 945 2481 πραγμάτων
966 2397 1066 2478 ἕτεροι
1087 2392 1227 2460 ἔσονται.
1267 2394 1296 2461 εί
1317 2392 1354 2460 δδ

258 2503 318 2582 τῆς
338 2492 468 2578 πρώτης
489 2499 638 2580 φυλακῆς
659 2494 771 2584 ίκλίιτη
795 2493 816 2581 ή
839 2492 975 2580 σελήνη,
996 2491 1128 2577 ἀκρίδες
1149 2493 1295 2561 ἔσονται·
1324 2497 1399 2567 riso

260 2597 297 2665 δὲ
329 2594 519 2680 ταραχώδης
549 2600 656 2683 φανῇ,
696 2594 809 2672 πόλεις
834 2592 918 2677 πρὸς
946 2591 1057 2671 πόλεις
1084 2594 1355 2678 καταφεάξονται.

261 2694 322 2763 ἐὰν
342 2693 362 2763 ὁ
383 2700 441 2781 τῆς
457 2694 650 2780 Ἀφροδίτης
672 2693 774 2781 ἀστήρ
797 2692 985 2779 ταραχώδης
1003 2694 1144 2780 γίνηται,
1168 2692 1357 2780 ἀνθρώπων

263 2793 378 2884 φθορὰ
409 2790 506 2861 ἔσται.
564 2792 623 2861 ἐάν
657 2794 776 2874 νυκτὸς
804 2790 920 2883 ἀστήρ,
934 2794 1035 2881 πίση,
1070 2799 1184 2862 κανών
1212 2804 1356 2883 σημεῖον,

332 2946 449 3003 1melim
467 2944 520 3013 τήν
537 2942 642 3017 ἑτέραν.
677 2947 715 3000 Η.
852 2950 887 3002 10
900 2947 966 3001 tort.
987 2942 1037 3032 ἐφ’
1058 2940 1095 3001 ori
1111 2939 1149 3000 ἀν
1164 2945 1285 3017 γένηται.
1319 2951 1357 3005 Η.

330 3011 534 3137 Ξὲὶμάνονὶρώιι
551 3017 583 3071 0.
672 3018 704 3071 15
717 3012 806 3085 ἕκτης]
822 3033 881 3070 num
895 3014 973 3087 ἕκτης
985 3017 1084 3084 usuc?
1118 3018 1156 3069 Η.
1242 3021 1277 3073 20
1292 3019 1355 3074 fort.

346 3102 366 3138 π
391 3103 450 3153 της.
504 3119 513 3138 .

263 3221 353 3276 rioris.
387 3220 491 3274 laevum
507 3236 588 3274 eornn
606 3220 682 3274 tunae
699 3220 723 3273 si
739 3222 868 3274 excedere
886 3221 991 3275 videtur
1006 3221 1124 3289 atterum,
1142 3222 1248 3278 siccitas
1264 3224 1316 3279 crit
1330 3231 1359 3281 et

264 3292 306 3344 rei
323 3290 509 3343 frumentariae
522 3289 621 3360 iuopia.
657 3290 681 3343 si
696 3290 740 3345 ‹lic
753 3291 838 3361 primo
856 3292 930 3345 vocis
950 3328 999 3345 ...
1017 3292 1091 3344 venti
1107 3309 1286 3360 petenensem
1302 3294 1360 3365 spi-

265 3362 372 3412 rabum.

337 3427 429 3478 lruna
447 3432 556 3477 tauro.
592 3424 630 3476 sol
647 3424 669 3474 si
687 3425 787 3491 deficit,
804 3428 977 3479 vastationem
995 3426 1108 3478 minatur
1123 3426 1283 3483 hominibus.
1298 3428 1360 3483 luna

267 3497 316 3549 snb
334 3494 472 3547 secundum
491 3492 605 3560 vigiliam
623 3492 646 3543 si
663 3493 769 3545 turbida
787 3494 900 3561 videtur,
918 3495 1037 3547 interitus
1055 3495 1185 3548 ίιοοιίιιιιιῐι
1204 3497 1266 3550 erit.
1300 3497 1362 3552 turra

268 3564 389 3617 exoriens
404 3562 428 3613 si
441 3578 538 3613 cornua
554 3562 633 3612 habet
646 3561 780 3629 aequalia,
799 3566 889 3615 turbas
907 3564 946 3615 rei
963 3564 1083 3632 publicae
1100 3565 1229 3617 minat-ure
1255 3565 1295 3618 sin
1312 3583 1360 3619 au-

268 3642 321 3685 tem
339 3632 421 3683 attere
440 3630 577 3699 prominet,
596 3630 718 3681 tnuruttus
737 3640 814 3682 erunt
830 3640 858 3683 et
873 3632 961 3684 exilia.
997 3640 1169 3685 terraemotus
1183 3634 1207 3685 si
1225 3635 1257 3687 fit
1273 3651 1289 3686 a
1305 3634 1362 3688 Ka·

267 3700 353 3754 lendis
370 3699 449 3751 Maiis
474 3700 507 3749 ud
531 3698 606 3750 4111.
625 3698 690 3749 nnat.
713 3700 863 3767 praeposito
880 3701 1012 3768 regionis,
1034 3702 1079 3754 ubi
1099 3703 1144 3768 fit‘,
1168 3703 1361 3771 ademptionem

268 3766 371 3837 imperii
388 3777 420 3819 et,
437 3765 600 3819 formidinem
621 3784 671 3818 non
692 3768 749 3817 sine
768 3767 888 3835 periculis
902 3770 1046 3822 minitatur.
1081 3771 1123 3822 sin
1137 3788 1202 3823 vero
1220 3774 1252 3823 tit
1268 3772 1328 3825 inde
1344 3789 1362 3825 a

268 3838 344 3889 tid.
357 3834 432 3900 mat,
451 3853 502 3886 uon
519 3836 592 3887 ruodo
611 3836 789 3887 removebitur
806 3848 960 3905 procurator
976 3838 1073 3905 gentis,
1093 3841 1140 3892 sed
1157 3839 1279 3892 interibit
1294 3859 1363 3908 quo-

268 3923 332 3973 que.
368 3904 490 3955 universe
508 3913 603 3967 autem,
621 3904 769 3971 ubicunque
783 3914 955 3959 terraemotus
973 3907 1101 3959 acciditur
1118 3910 1135 3961 6
1152 3908 1192 3959 tu.
1211 3908 1276 3959 etat.
1295 3908 1363 3963 ads

268 3974 382 4026 Kalene.
406 3974 478 4038 lun„
503 3972 626 4025 tumultus
647 3990 677 4024 ac
694 3972 868 4028 boliaesticit.
903 3984 1075 4028 terraemotus
1090 3976 1114 4027 si
1132 3977 1162 4028 fit
1176 3977 1260 4043 prima
1273 3977 1364 4045 vigilia

268 4045 303 4163 ρδ
318 4052 473 4163 οκιρροιοιο,
500 4041 594 4094 bellum
611 4041 689 4093 civile
707 4043 869 4112 movebitur,
893 4046 942 4097 sed
962 4054 1053 4098 auctor
1069 4056 1154 4098 motus
1172 4044 1241 4098 itlius
1259 4046 1365 4101 tolletur

290 4129 357 4163 eme
379 4129 413 4161 ιο.
877 4132 880 4139 ’

340 4180 432 4231 huna
449 4178 611 4247 geminis.
649 4177 671 4231 si
693 4177 809 4231 detectio
828 4180 890 4233 solis
906 4182 1017 4249 eccidit,
1044 4181 1183 4236 conversio
1203 4181 1255 4235 erit
1268 4199 1364 4250 rerum,

271 4248 458 4317 civitatemque
473 4248 517 4299 alii
534 4249 699 4301 obtinebunt.
736 4248 796 4299 tuna
813 4248 834 4299 si
852 4250 942 4303 deficit
958 4252 1042 4319 prima
1059 4251 1159 4319 vigilie,
1179 4250 1294 4304 locustae
1307 4252 1363 4303 exi-

271 4325 357 4369 stent:
375 4316 398 4369 si
412 4317 519 4369 turbida
534 4317 647 4382 videtur,
664 4317 786 4368 civitates
802 4320 833 4369 ad
850 4318 971 4373 civitates
986 4320 1148 4387 confugient.
1167 4320 1278 4372 Veneris
1291 4319 1367 4372 stella

271 4386 296 4439 si
313 4385 418 4439 turbida
434 4385 603 4456 conspicitur,
620 4386 749 4439 hominum
765 4387 817 4439 erit
831 4397 944 4456 strages.
979 4387 1055 4442 stello
1075 4396 1152 4442 noctu
1169 4383 1303 4443 traiiciens
1321 4406 1365 4441 ca·
