3125 4959
581 412 924 483 COMMENTARIUS.
1199 433 1301 481 xxxix

211 614 289 692 tius,
317 611 397 674 nihil
418 609 604 694 splendidius
627 614 666 673 ab
687 614 751 675 ullo
772 614 960 694 superiorum
977 614 1164 673 saeculorum
1179 631 1249 692 rege
1267 616 1300 673 in

210 718 381 777 liberalium
404 718 514 776 artium
533 714 723 776 commodum
744 717 913 776 institutum
931 726 986 775 est.
1037 717 1078 774 ita
1092 736 1161 774 cum
1179 726 1256 776 esset
1267 718 1299 775 in

210 822 345 879 maximo
361 820 488 897 imperio
502 837 637 878 summus
652 820 762 877 artium
779 828 810 875 et
823 820 920 878 omnis
934 816 1129 877 humanitatis
1145 818 1254 875 arbiter
1268 827 1299 877 et

211 922 298 999 qnasi
316 930 487 999 procurator
508 919 675 981 excitandis
696 941 732 980 ac
756 919 956 1000 propagandis
977 918 1083 982 studiis
1107 921 1237 994 electus,
1266 921 1300 978 iu

210 1021 391 1081 nobilissimi
403 1022 537 1081 muneris
549 1024 742 1102 occupatione
762 1020 840 1081 nibil
860 1024 1003 1101 temporis
1026 1023 1175 1103 reliquum
1194 1020 1300 1079 habuit

211 1121 293 1203 quod
313 1119 400 1202 Lydo
423 1119 627 1202 impenderet,
667 1143 847 1205 omnemque
867 1126 966 1203 potius
991 1134 1124 1182 mentem
1143 1125 1302 1202 cogitatio·

210 1243 283 1282 nem
298 1242 420 1302 operam
433 1220 576 1283 adbibere
592 1225 698 1301 voluit,
724 1236 756 1285 ut
771 1237 889 1303 gratum
900 1228 1044 1300 arrirnum,
1062 1226 1184 1305 qualem
1198 1235 1301 1304 postea

210 1328 245 1385 iu
257 1326 417 1385 luculentis
432 1325 549 1404 scriptIs
564 1325 649 1405 apud
657 1329 861 1406 posteritatem
876 1328 1026 1406 professus
1041 1336 1104 1401 est,
1134 1328 1226 1385 talem
1241 1330 1303 1385 iam
1318 1349 1347 1402 p.
1361 1345 1418 1384 aar

213 1438 284 1487 tunc
306 1430 339 1487 in
362 1428 429 1506 ipsa
448 1428 582 1485 ruuneris
601 1430 735 1503 gestione
756 1439 927 1507 praesentes
952 1441 1072 1509 possent
1092 1425 1230 1490 homines
1251 1430 1303 1489 iu·

211 1530 300 1589 tueri.

295 1631 408 1691 Verum
416 1627 558 1707 tandem,
585 1649 656 1689 oum
668 1638 746 1692 esset
759 1632 872 1711 patriae
883 1639 914 1689 et
926 1631 1041 1690 Gallico
1057 1633 1122 1692 solo
1137 1634 1299 1706 restitutus,
1320 1628 1363 1691 30

212 1730 293 1813 Lydi
309 1730 422 1791 diutius
438 1733 568 1811 neglecti
582 1734 676 1792 serior
690 1752 761 1792 onra
775 1735 910 1794 auianum
927 1733 1026 1792 subire
1041 1734 1149 1811 coepit.
1190 1735 1304 1791 etenim

213 1845 354 1892 exoratus
368 1834 405 1890 ab
423 1854 459 1891 eo
473 1830 564 1892 borno
584 1832 772 1897 doctissimus
791 1834 915 1904 Villoiso
936 1836 969 1893 iu
990 1854 1023 1893 se
1038 1845 1207 1915 susceperat
1218 1845 1252 1894 ut
1265 1835 1305 1893 ad

214 1933 349 1994 codicem
368 1936 496 1995 feliciter
515 1938 672 1995 inventum
693 1936 812 1995 felicius
831 1934 982 1995 edendum
1000 1956 1112 1995 nomen
1128 1947 1157 1995 et
1171 1938 1304 2016 auspicia

214 2037 380 2116 praeberet.
423 2035 477 2097 sed
490 2040 666 2118 priusquam
681 2058 751 2097 euin
765 2040 846 2097 lbras
864 2035 965 2114 daret,
994 2036 1223 2116 descriptionem
1238 2038 1304 2099 Vil-

214 2138 290 2195 ioiso
309 2138 433 2216 suipe'r
446 2141 602 2197 Graeciam
622 2142 739 2199 itineris
758 2138 970 2220 perficiendam
993 2140 1051 2198 sibi
1076 2138 1180 2215 duxit,
1213 2159 1304 2220 quam

214 2238 326 2316 publici
347 2240 420 2296 iuris
443 2241 593 2297 iacturum
617 2262 682 2300 sese
703 2262 771 2299 oum
796 2262 884 2321 saepe
903 2242 977 2300 alibi
997 2240 1212 2321 spoponderat,
1240 2254 1304 2300 tum

214 2339 348 2397 niaxime'
369 2341 579 2418 Prolegomen.
598 2338 638 2397 ad
657 2341 744 2397 iliad.
766 2364 798 2423 p.
816 2362 887 2416 aas,
922 2341 1020 2423 adque
1038 2362 1105 2401 eam
1128 2364 1192 2403 rem
1205 2345 1306 2402 ormr‘ra

215 2442 339 2499 consilia
362 2450 451 2522 atque
475 2438 574 2499 studia
595 2440 705 2498 referre
729 2460 783 2499 sua
803 2443 910 2520 coepit.
953 2454 1097 2501 statuerat
1119 2456 1219 2501 autem
1235 2454 1306 2501 tunc

217 2540 347 2624 denique
369 2562 405 2599 ea
420 2540 546 2621 prodere
567 2560 645 2622 quae
654 2543 695 2613 *in
710 2545 822 2601 receuti
834 2545 958 2602 Graecia
974 2562 1189 2625 usquequaque
1202 2545 1305 2603 obser-

217 2653 326 2717 vasset,
349 2664 418 2701 cum
430 2646 488 2702 iter
504 2645 679 2702 confecisset
694 2644 726 2701 in
745 2654 885 2720 veterem,
905 2643 964 2705 hoc
978 2657 1023 2704 est
1038 2647 1143 2720 (rerba
1157 2648 1222 2724 ipsa
1235 2656 1305 2705 suut

217 2747 390 2809 Villoisouis
410 2746 621 2824 Prolegomen.
635 2746 657 2804 l.
673 2743 754 2823 cit),
785 2766 853 2804 cum
873 2758 1009 2808 auctores
1022 2750 1145 2807 Latiares
1160 2749 1306 2806 Graecos-

217 2869 277 2930 que
292 2849 425 2927 singulos
439 2868 457 2905 a
466 2850 566 2927 'capite
584 2845 623 2905 ad
637 2848 749 2903 calcem
762 2849 947 2931 perlegisset,
962 2870 1099 2930 quaeque
1114 2849 1152 2908 de
1167 2849 1304 2908 omnibns
1320 2890 1323 2895 -

218 2952 306 3010 rebus
318 2948 357 3009 ad
369 2950 525 3008 Graeciam
533 2949 706 3027 Aegaquue
718 2950 811 3007 auaris
824 2951 937 3011 insulas
952 2949 1221 3031 quomodocunque
1234 2970 1306 3029 per·
1338 2985 1341 2990 ·

219 3052 382 3111 liuentibus
393 3048 520 3131 quisque
534 3051 662 3130 scripsit,
679 3069 715 3107 ea
729 3054 936 3131 excerpsisset,
959 3055 1127 3133 referreque
1143 3071 1179 3110 ac
1193 3051 1306 3111 discer-

219 3174 289 3213 uerc
302 3162 333 3210 et
348 3172 416 3213 curn
432 3154 470 3210 iis
485 3170 562 3231 quae
574 3153 638 3231 ipse
655 3151 779 3212 vidisset
796 3154 930 3214 conferre
944 3167 1053 3235 posset.
1080 3172 1225 3232 magnum
1234 3173 1307 3213 sane

220 3268 251 3315 et
265 3255 425 3333 singulare,
447 3251 632 3333 dignumque
647 3254 701 3311 tali
713 3258 777 3313 viro
792 3259 958 3333 consilium,
977 3270 1016 3331 et,
1038 3259 1063 3315 si
1078 3257 1178 3334 persici
1188 3259 1306 3333 potuis·
1323 3276 1350 3329 p·
1364 3270 1432 3309 cxv·

221 3370 283 3433 set,
313 3359 344 3414 iu
363 3356 467 3434 primIs
486 3358 560 3416 utile
582 3355 722 3415 doctrinis
743 3361 862 3420 nostrie.
904 3359 959 3419 sed
981 3363 1048 3439 quis
1063 3360 1158 3416 nescit
1176 3376 1203 3414 a.
1223 3358 1306 3430 1789

223 3461 374 3541 publicam
394 3476 458 3516 rem
473 3456 614 3519 Franciac
635 3459 667 3517 iu
688 3454 826 3517 homiues
842 3459 980 3520 incidisse
1004 3480 1065 3518 nou
1084 3470 1147 3518 tam
1167 3478 1305 3518 ccnnnu-

224 3560 379 3621 taedarum
395 3575 491 3618 reruni
507 3576 600 3637 quam
615 3558 841 3619 evertendarum
856 3560 1001 3642 cupidos'l
1021 3572 1149 3642 suntque
1166 3563 1306 3621 continuo

224 3674 357 3743 tempora
380 3660 485 3719 acerba
508 3666 598 3739 atque
620 3660 804 3745 gladiatoria,
818 3663 871 3720 illa
892 3671 1064 3737 consecuta,
1110 3662 1306 3742 quibuscum

225 3784 328 3824 omnes
344 3765 447 3821 literae
461 3762 672 3839 conticuerunt,
693 3774 758 3821 tum
771 3751 904 3822 nmxiriae
918 3763 1159 3838 Villoisonianae,
1176 3764 1306 3821 Graecae

224 3870 337 3925 scilicet
350 3886 384 3923 ac
400 3864 610 3945 philologicos,
649 3868 751 3947 itaque
772 3863 861 3924 buius
882 3857 985 3944 magni
1006 3866 1119 3923 itineris
1137 3882 1198 3922 non
1216 3863 1306 3923 modo
1382 3899 1386 3905 ·

224 3966 302 4027 nihil
317 3965 415 4042 edere,
430 3968 483 4027 sed
497 3986 593 4049 ireque
606 3967 765 4026 lectionem
777 3969 871 4043 iliam,
887 3988 946 4047 qua
961 3964 1000 4025 ad
1015 3967 1204 4045 scriptionem
1219 3986 1307 4045 prae—

225 4088 329 4147 parare
345 4070 520 4145 seruiebat,
553 4070 721 4145 absolvere,
753 4069 866 4129 nedum
886 4069 923 4127 de
936 4066 1022 4151 Lydo
1039 4070 1187 4146 cogitare,
1217 4069 1307 4126 variis

226 4170 341 4228 casibus
354 4192 509 4248 percussus
522 4174 626 4251 potuit.
667 4191 765 4250 neque
782 4173 895 4251 magis,
923 4192 991 4228 curn
1012 4181 1184 4249 recuperata
1207 4190 1239 4229 re
1253 4190 1310 4249 pu-

225 4273 313 4329 blica.
323 4274 482 4349 respirasse
496 4271 632 4333 homiues
644 4274 699 4332 risi
712 4285 798 4351 sunt,
828 4275 874 4333 illi
896 4272 1019 4353 quidem
1033 4276 1118 4333 licuit
1129 4273 1246 4352 placato
1263 4290 1311 4327 re-

226 4395 293 4435 rum
306 4384 385 4435 statu
398 4373 450 4436 diu
463 4378 531 4437 lrui.
575 4377 724 4437 stenima.
743 4374 822 4443 1805
837 4395 865 4437 a.
879 4374 911 4436 d.
926 4377 946 4440 6
960 4376 1028 4437 itai.
1041 4377 1113 4437 lilai.
1126 4391 1236 4457 paucos
1246 4380 1314 4451 post
