3125 4959
409 463 469 534 DE
491 456 830 531 MAGISTRATIBUS
852 458 889 526 Ρ.
911 457 953 528 R·
976 457 1057 526 ΠΒ.
1078 455 1123 528 11.
1245 457 1316 530 1⁷1

225 634 262 704 οὗ
274 641 330 723 τῆς
341 635 437 722 ατίλῆς
449 633 545 722 μάνης
563 622 642 702 ἀλλὰ
660 633 722 718 μὴν
736 633 788 700 καλ
803 637 949 719 στρατιάς
960 627 1082 717 άπάαης
1099 633 1150 699 καλ
1164 636 1322 721 πολιτικῆς

223 739 354 823 τάξεως,
378 741 417 826 ἣν
441 742 496 807 οὐκ
518 737 575 822 εἶχε
597 733 754 826 πρότερον,
779 737 958 814 ἀναδείξας,
987 732 1143 823 άςβραχυ
1157 761 1319 823 παρατρα-

224 847 329 928 πείσης
344 851 399 928 τῆς
410 845 516 923 λέξεως
529 844 560 921 ἐξ
575 838 750 928 ἀφυλάκτου
764 842 944 924 συνηθείας,
969 838 1035 904 dari
1050 838 1202 927 ἱππάρχου
1214 838 1317 926 ὕπαρ-
1360 900 1364 906 .

221 971 279 1030 χος
292 945 534 1035 προσηγορεύθη.
582 946 633 1009 καὶ
653 947 701 1009 ἐπὶ
715 945 771 1028 μὲν
781 950 837 1027 τῆς
853 940 979 1026 Ῥώμης
985 989 996 1021 ,
1024 942 1078 1031 ἐφ’
1097 934 1135 1026 ἧς
1153 945 1205 1008 καλ
1221 937 1318 1027 μάνης

199 1051 280 1133 fiscia
304 1051 400 1135 αὐλὴν
419 1047 566 1115 παλάτιαν
586 1053 748 1114 καλεῖσθαι
768 1044 877 1130 νόμος,
913 1043 1053 1132 ὕπαρχος
1083 1051 1138 1110 rod
1159 1047 1319 1130 Καίσαρος

223 1148 356 1234 ἕνόμεζεν
375 1153 462 1219 οἱονεί
484 1148 622 1240 δεύτερος
641 1150 710 1233 μετ’
733 1152 860 1230 ίκεῒνον,
885 1150 934 1213 lul
947 1150 982 1214 δὲ
995 1155 1057 1214 τῶν
1068 1145 1208 1236 κάστρων
1221 1146 1318 1231 (οὕτω

224 1255 259 1320 δὲ
273 1255 328 1333 τάς
342 1257 375 1320 ἓν
385 1255 507 1345 πολέμῳ
521 1253 717 1341 παρεμβολάς
727 1251 894 1336 Ῥωμαίοις
911 1251 986 1342 ἱᾯρς
1006 1252 1121 1333 καλεῖν)
1133 1252 1319 1339 πραίφειιτος

224 1359 397 1447 πραιτωρίῳ
415 1357 503 1425 οἱονεί
522 1355 714 1445 προεπηκάς
733 1363 788 1423 τοῦ
805 1357 1007 1444 πραιτωρίου·
1031 1353 1140 1442 τὸγὰρ
1155 1377 1319 1442 στρατηγι-

224 1459 277 1525 κὸν
290 1463 338 1527 lul
355 1461 439 1546 ξίνης
451 1459 612 1545 κατάλυμα
625 1453 942 1548 πραιτιάρεον,ἓκείναις
955 1455 1055 1537 ἔδοξεν
1070 1456 1236 1542 ὀνομάζειν,
1260 1453 1320 1522 κάν

182 1564 252 1633 1οεί
269 1565 363 1648 τυχὸν
384 1565 477 1630 αὐτὸν
503 1563 557 1631 τὸν
575 1566 725 1651 Καίσαρα·
745 1564 922 1643 αὐλίζεσθαι
942 1560 994 1627 la’
1017 1562 1128 1627 ἐκείνου
1156 1560 1320 1646 συμβαίνῃ.

220 1656 316 1754 ηὗρον
328 1669 363 1734 dl
375 1669 426 1734 καλ
439 1667 564 1756 στερεὰν
577 1669 687 1747 αίτίαν,
711 1656 749 1750 ἦς
763 1667 849 1732 ἕνεκα
862 1673 900 1753 τῇ
914 1672 970 1732 τοῦ
985 1661 1118 1752 ε’πάρχου
1132 1662 1321 1752 προσηγορίηι

221 1771 273 1834 καλ
289 1770 324 1836 τὸ
336 1777 403 1838 τῶν
415 1772 606 1859 πραιτωρίων
621 1771 820 1859 προστίθεται
830 1767 999 1856 γνώρισμα,
1011 1765 1055 1845 ὥς
1067 1766 1141 1833 εἶναι
1154 1767 1210 1850 τὴν
1223 1763 1323 1851 ἀρχὴν

220 1879 282 1938 τῶν
297 1871 374 1961 πράς
388 1900 417 1939 τι
425 1921 436 1956 ,
461 1877 512 1940 καὶ
525 1874 570 1959 μὴ
585 1877 683 1940 δοκεῖν
696 1871 872 1962 ἀσήμαντον
886 1871 1030 1957 ἔχειντὴν
1044 1868 1160 1954 ἴξοχῆν,
1184 1865 1321 1936 συνώνυ-

220 2000 281 2060 μον
297 1977 330 2042 dd
342 1984 386 2068 τῷ
399 1974 557 2066 παλιάρχεγ
563 2025 574 2057 ,
597 1977 635 2042 tr
649 1978 701 2042 καὶ
716 1976 809 2042 αὐτὸν
824 1974 962 2063 ὕπαρχον
981 1975 1195 2058 ὀνομασθῆναι
1209 1973 1322 2058 προδε-

182 2099 216 2155 15
224 2076 355 2162 δήλωται
362 2128 373 2160 ,
398 2081 557 2168 πραίτωρα
573 2078 724 2166 υῧρβανόν
738 2079 773 2144 τά
789 2081 859 2165 πρὶν
874 2075 1181 2166 προσαγορευόμενον.
1216 2070 1323 2160 Τράγ-

222 2184 333 2257 κυλλος
352 2182 452 2248 τοίνυν
472 2183 544 2261 τοὺς
564 2189 626 2248 τῶν
641 2179 810 2271 Καισάρων
823 2183 912 2265 βίους
929 2184 960 2247 ἰν
982 2179 1160 2267 γράμμασιν
1173 2177 1323 2241 ἀποτίνων

223 2283 376 2372 Σεπτιμίῳ
382 2329 395 2362 ,
429 2284 465 2359 άς
480 2277 517 2366 ἦν
531 2281 669 2370 ὕπαρχος
680 2292 741 2356 τῶν
754 2290 986 2371 πραιτωρεανῶν
999 2286 1131 2368 σπειρῶν
1145 2279 1196 2344 ἐπ’
1215 2279 1323 2355 αὐτοῦ,

222 2385 408 2472 πραίηεκτον
438 2383 532 2450 αὐτὸν
561 2393 622 2450 τῶν
651 2382 882 2473 πραετωρεανάίν
905 2382 1068 2469 ταγμάτων
1086 2385 1136 2448 καὶ
1156 2378 1322 2470 φαλάγγων

220 2483 355 2572 ἡγεμόνα
373 2485 531 2573 τυγχάνειν
551 2485 711 2572 ἐδήλωσεν.
761 2486 838 2554 ὥστε
861 2487 898 2553 οὖ
919 2485 1014 2571 μόνον
1033 2485 1072 2551 άν
1092 2512 1139 2562 τις
1157 2482 1247 2566 λάβοι
1268 2480 1322 2547 τὸν

178 2587 359 2678 εοάπαρχον
380 2597 437 2674 τῆς
459 2590 570 2674 αὐλῆς,
608 2591 645 2674 ἣν
670 2593 721 2656 καὶ
746 2589 930 2678 πραιτώριον
956 2595 1111 2673 πολλαχοῦ
1136 2585 1323 2668 καλουμένην

221 2692 301 2758 κατά
319 2692 372 2757 τὸν
391 2690 487 2758 laruda
508 2692 644 2780 ἀριθμὸν
664 2691 860 2778 ἐδηλώσαμεν
867 2743 877 2772 ,
912 2693 991 2761 ἀλλὰ
1010 2693 1072 2776 μὴν
1094 2691 1146 2760 καὶ
1171 2687 1250 2753 κατὰ
1270 2685 1322 2751 τ’ὄν

221 2794 430 2880 πληθυντικὸν
451 2801 552 2872 καλῶς
574 2796 788 2879 ὠνομασμένον
811 2797 861 2880 (οὗ
877 2794 972 2881 μόνον
985 2796 1044 2880 γάρ
1061 2793 1175 2877 λέγεται
1190 2791 1304 2879 πραίφε

290 2949 522 3021 δίχρημάτιζενί
624 2956 837 3024 decertandas
856 2957 890 3010 (l.
1002 2956 1034 3009 1⁵
1051 2956 1157 3010 videtur
1169 2951 1322 3018 Suetonius,

290 3025 361 3093 qrrod
379 3025 470 3090 Lydus
486 3025 586 3088 refert,
610 3023 638 3076 in
654 3027 820 3094 praefatione
837 3025 999 3092 ostendisse,
1022 3024 1050 3076 in
1067 3041 1120 3095 qua
1135 3023 1205 3077 ritas
1222 3022 1323 3074 Caesa

290 3109 347 3145 rnrn
365 3091 494 3162 Septimio
512 3094 685 3147 dedicaverit.
705 3096 740 3148 λε’.
845 3096 878 3151 16
894 3090 1074 3150 deorsam?
1175 3091 1209 3145 21
1220 3085 1324 3158 ἐθηλύ-

291 3176 376 3228 οαμεν
393 3172 455 3230 post
468 3161 643 3231 καλουμένην
660 3166 694 3217 1¹¹.

222 3305 292 3351 etant
314 3314 366 3350 nou
385 3297 459 3350 arrlae
481 3305 579 3351 tantum
600 3317 689 3352 ventur
710 3300 789 3352 etianr
805 3300 917 3356 omniunt
933 3301 1081 3373 copiarum,
1105 3317 1155 3353 nec
1170 3314 1224 3352 non
1238 3294 1326 3348 civilis

223 3365 316 3434 ollicii,
335 3365 377 3418 cui
395 3375 472 3419 niuea
489 3385 541 3420 nou
558 3371 719 3438 praefuerat,
738 3369 933 3441 constituisset,
949 3370 1024 3442 quasi
1043 3369 1173 3439 paululum
1192 3365 1325 3418 immutata

223 3453 290 3488 uoce
305 3455 319 3488 e
334 3437 520 3488 cousuetudine
538 3455 589 3490 nou
608 3440 763 3505 observata,
790 3435 914 3508 ὕπαρχος
931 3459 979 3510 pro
998 3440 1136 3504 ἵππαρχος
1156 3435 1326 3504 (praelectus

221 3504 356 3588 praetorio
371 3521 420 3572 pro
434 3504 558 3571 magistro
575 3507 703 3576 equiturn)
721 3508 808 3568 dictus
823 3519 874 3562 est.
910 3528 942 3562 ac
957 3511 1057 3561 llornae
1071 3505 1185 3574 quidern,
1204 3521 1256 3571 qua
1268 3498 1326 3554 sols

222 3592 251 3626 ιιι
269 3575 333 3626 urbe
351 3573 410 3625 aula
429 3573 550 3641 palatium
567 3577 657 3629 vocari
674 3576 750 3644 solet,
770 3580 919 3644 praefectus
937 3575 1061 3628 Caesaris
1079 3575 1216 3627 dicebatur
1232 3577 1325 3641 utpote

222 3643 321 3712 primus
335 3644 368 3695 ab
384 3641 438 3708 illo,
455 3642 589 3696 incastris
606 3663 671 3698 vero
688 3645 840 3712 (ituantem
858 3645 969 3698 llonrani
986 3645 1078 3698 dicunt
1093 3644 1163 3713 qaod
1181 3640 1281 3694 Graeci
1295 3639 1325 3691 in

222 3711 291 3763 bello
310 3708 499 3780 παρεμβολάς)
518 3715 666 3779 praelectus
684 3715 834 3784 praetorio:
852 3714 926 3767 (lucis
943 3714 1012 3767 enirn
1029 3715 1098 3783 apud
1116 3721 1221 3765 exteros
1238 3707 1322 3764 dorni-

222 3781 309 3842 ciliuur
328 3781 487 3850 praetorium
505 3780 555 3833 illis
571 3799 666 3835 vocare
683 3784 791 3854 placuit,
811 3783 929 3852 quanwis
947 3783 1017 3836 forte
1033 3783 1117 3852 ipsurn
1135 3783 1276 3834 Caesarem
1296 3777 1325 3829 in

222 3868 255 3902 eo
269 3852 367 3918 degere
381 3851 526 3916 contingat.
562 3867 668 3916 gravem
684 3870 749 3906 vero
767 3853 845 3904 etiarn
863 3870 966 3904 causam
986 3851 1106 3921 repperi,
1131 3867 1178 3903 cur
1194 3845 1325 3919 praelecti

224 3936 317 3971 nonreu
344 3919 421 3972 etiarn
445 3919 535 3972 addito
558 3922 749 3986 praetoriorum
764 3921 956 3988 distinguatur,
982 3929 1011 3974 ut
1027 3924 1060 3974 ad
1077 3920 1177 3988 aliquid
1194 3919 1327 3971 celeratur

222 3988 406 4055 magistratus,
424 3989 636 4058 expriruaturque
654 3991 710 4043 eius
727 3990 884 4057 emittentia,
908 4008 993 4060 neque
1010 3991 1078 4043 idern
1096 3990 1233 4059 praelecto
1253 3984 1327 4038 urbis

223 4075 315 4111 norrreu
331 4058 427 4110 habere
445 4059 583 4123 videatur,
609 4073 685 4125 ‹puern
702 4060 803 4129 pariter
821 4061 980 4128 praelectam
995 4059 1152 4129 appellatura
1170 4075 1230 4108 csse
1247 4070 1328 4123 snpra

224 4126 392 4192 ostendimus,
411 4143 467 4180 cunr
483 4134 562 4180 autea
575 4137 682 4195 praetor
697 4131 810 4181 urbanus
826 4128 910 4181 dictus
929 4129 1033 4182 luisset.
1057 4127 1227 4196 'l'rauqnillus
1244 4124 1327 4192 igitur

223 4194 368 4263 Septimio,
393 4195 437 4264 qui
452 4207 504 4250 tutu
523 4205 580 4249 erat
597 4197 747 4265 praelectus
765 4198 987 4266 praetorianarum
1003 4197 1165 4262 colrortiurn,
1184 4196 1325 4247 Caesarum

224 4262 292 4314 vinis
310 4283 458 4332 exponens,
483 4266 645 4335 praefectura
662 4283 725 4324 euru
747 4268 969 4334 praetorianorum
987 4266 1106 4320 ordiuunr
1125 4274 1154 4318 et
1170 4263 1326 4333 phalangam

223 4332 314 4384 ‹lrrcenr
334 4352 393 4385 esse
411 4335 536 4388 osteudit.
555 4351 637 4404 quare
655 4337 816 4404 praefectura
833 4337 917 4404 atrine,
935 4355 1012 4406 quarn
1030 4344 1058 4389 et
1071 4334 1231 4407 praetorium
1244 4347 1326 4399 saepe

224 4402 313 4454 uocari
329 4404 572 4473 dornonstravirnus‚
593 4423 645 4457 non
663 4404 790 4473 singulari
807 4415 905 4458 mutarn
919 4423 1009 4460 verunt
1021 4406 1099 4459 etiarn
1114 4402 1208 4473 plurali
1219 4416 1326 4453 rrumero

224 4479 296 4523 recte
312 4472 488 4542 appellareris
506 4475 572 4544 (non
586 4474 656 4529 enin
674 4476 824 4546 praelectus
838 4476 971 4547 praetorio
988 4484 1089 4531 tantm
1106 4471 1231 4542 daun),
1248 4469 1324 4524 vide-
