3125 4959
421 431 480 499 DE
508 425 842 499 MAGISTRATIBUS
866 425 902 491 P.
926 424 967 492 lt.
995 426 1072 495 uu.
1097 427 1156 501 111.
1259 428 1333 499 205

247 603 320 690 κρόν
338 602 466 689 άγαθῶν
487 604 520 668 ix
539 607 594 684 τής
608 607 669 666 τῶν
682 599 855 684 άρχομίνων
877 598 1141 679 κακοδαιμονίαςό
1158 601 1237 669 καθ’
1253 598 1335 686 ἡμεῖς

244 704 354 792 χρόνος
373 708 515 784 ἐξέπεσεν.
565 703 638 780 ίθος
652 704 777 788 ἀρχαῖον
790 693 828 785 ἦν
840 702 935 784 μηδὲν
948 699 1064 778 lucan
1078 701 1266 788 πράττεσθαι
1277 710 1334 771 cot

248 815 303 892 τῆς
321 811 406 894 δίκης
430 811 529 893 ίεροδ,
555 806 573 871 δ
592 811 723 870 καλεῖται
746 801 896 890 σήκρητον
917 804 1006 869 οἱονεί
1025 802 1179 892 ἀτάραχον
1196 810 1246 870 καὶ
1264 814 1335 894 σιγῇ

248 911 357 993 σεμνόν
378 913 430 976 καὶ
452 908 556 974 ὁποῖον
574 908 672 974 οόκίτι
695 906 765 971 κατ’
793 906 901 972 οὖδίνα
919 905 1049 992 τρόπον,
1068 905 1150 984 ὅπως
1160 905 1204 990 μή
1215 935 1245 974 τι
1258 909 1334 996 πρός

222 1012 364 1099 stirpator
382 1010 402 1096 ή
423 1010 544 1096 βλάβης
562 1017 622 1076 τῶν
643 1014 792 1077 συντελῶν
813 1006 1015 1098 άμαρτηθείη.
1064 1008 1143 1092 μετά
1166 1011 1200 1075 δὲ
1216 1010 1270 1094 τήν
1284 1011 1334 1075 ίν-

245 1121 364 1196 θεσμον
378 1122 439 1180 τῶν
457 1112 575 1202 ψήφων
595 1110 750 1200 ἀπόφασιν
774 1109 868 1194 νόμος
888 1114 939 1177 καὶ
962 1111 1034 1188 τοός
1050 1110 1281 1202 συνεδρεύοντας
1296 1119 1335 1200 τῇ

246 1215 326 1302 άρχῇ
340 1215 455 1305 άνδρας
470 1213 708 1301 νομικωτάτους,
733 1211 991 1300 άναγιναίσκοντας
1008 1221 1129 1302 πρῶτον
1140 1215 1196 1292 τὰς
1207 1214 1335 1302 ψήφους

245 1321 295 1384 καί
313 1315 536 1395 δποτάττοντας
553 1323 598 1408 spi
615 1320 762 1404 λεγομένῳ
777 1321 929 1412 σηεδαρίῳ
941 1317 976 1384 τό
991 1316 1069 1403 παρ’
1085 1317 1210 1396 Ἰταλοῖς
1221 1315 1335 1384 καλοί-

244 1446 336 1504 μενον
349 1421 463 1508 ῥίκινον
485 1421 572 1506 (riori
587 1425 643 1486 τοῦ
657 1420 838 1506 άντιβολήν)
865 1418 981 1486 διδόναι
995 1418 1072 1506 πρός
1087 1416 1269 1508 ὖπογραφήν
1281 1428 1335 1504 τῆς

203 1537 239 1593 10
247 1524 343 1610 άρχής
361 1535 424 1601 τοῖς
442 1526 484 1601 είς
506 1529 596 1590 τοῦτο
615 1523 820 1609 τεταγμένοις·
845 1525 1079 1611 καηαελλαριόυς
1101 1523 1211 1601 αὖτοδς
1226 1526 1258 1588 ἓν
1270 1533 1334 1600 τοῖς

243 1630 448 1714 δικαστηρίοις
461 1629 671 1715 ἔπιφημίςουσι
678 1673 689 1706 ,
714 1629 781 1712 περί
797 1615 839 1691 ὧν
854 1626 931 1715 πρός
948 1627 1042 1713 πίρας
1055 1628 1126 1712 ίρῶ.
1177 1622 1241 1690 εἶτα
1257 1625 1334 1691 isti-

243 1736 301 1794 θεν
316 1731 393 1817 πρὸς
404 1737 464 1796 τῶν
476 1730 686 1817 σηκρηταρίων
700 1731 837 1812 ε’μμελῶς
852 1729 1127 1814 άναγινωσκομίνου
1140 1735 1195 1793 τοῦ
1210 1728 1335 1813 λεγομέ-

242 1857 299 1898 νου
318 1838 476 1918 καθαροῦ,
501 1831 581 1899 οδτω
595 1859 626 1898 τε
642 1831 848 1914 άπολυομίνου
866 1840 911 1921 spi
926 1829 1098 1919 λιτιγάτωρι
1121 1831 1232 1914 (οἱονεὶ
1249 1833 1334 1913 δίκης

243 1937 329 1999 ἕνεκα
349 1933 651 2020 παραφυλάττοντι),
676 1932 806 2016 σόνοιμιν
822 1930 839 1998 ό
856 1933 1058 2022 σηκρητάριος
1071 1935 1198 1999 ίποιεῖτο
1212 1939 1266 2017 τῆς
1279 1938 1335 1998 τοῦ

202 2049 236 2105 15
243 2037 451 2124 πεπραγμένου
471 2033 626 2120 δυνάμεως
646 2046 711 2112 τοῖς
728 2035 851 2101 Ἰταλῶν
874 2034 1005 2123 ῥήμασι,
1029 2039 1080 2102 καὶ
1101 2034 1214 2120 ταότην
1236 2031 1336 2121 ίτήρει

242 2140 322 2226 παρ*
351 2138 451 2226 ἑαυτῷ
477 2139 555 2226 πρός
577 2136 705 2222 κώλυμα
723 2142 879 2224 τολμηρῶς
899 2135 1080 2227 προσθήκης
1098 2137 1117 2221 ή
1137 2135 1336 2224 ὑφαιρέσεως.

204 2327 206 2332 ,
244 2231 280 2303 οὗ
297 2241 335 2321 δή
352 2241 510 2322 ηενομίνοο
535 2237 678 2324 induisti
702 2237 837 2333 πράξας,
862 2245 913 2305 καὶ
929 2247 984 2325 τῆς
999 2240 1153 2328 ἀκριβείας
1167 2227 1336 2323 θαυμάσας

242 2341 278 2406 τό
302 2337 513 2424 δικαστήριον,
537 2339 646 2424 παρῄει
661 2341 739 2425 πρὸς
752 2342 823 2417 roric
837 2345 1077 2430 πριμισκρινίους
1090 2340 1238 2422 τάξαντας
1250 2345 1334 2425 dapis*

198 2546 375 2632 mypa‘rwr,
401 2543 522 2630 ἀνδρῶν
545 2545 597 2607 καὶ
620 2539 816 2620 διδασκάλοις
838 2543 941 2621 αὐτοῖς
961 2542 1127 2630 πράγματα
1146 2545 1213 2628 περὶ
1237 2541 1335 2628 λόγων

242 2645 377 2732 ζητήσεις
405 2642 613 2732 παρεχόντων,
643 2641 813 2733 ἐπλήρουν,
847 2646 896 2710 lut
922 2652 979 2711 τοῦ
1003 2643 1100 2711 νῶτον
1120 2651 1176 2731 τῆς
1197 2645 1334 2729 ἐντυχίας

240 2747 417 2838 γράμμασιν
438 2747 543 2824 αίδοῦς
564 2744 695 2812 αότόθιν
708 2744 837 2831 ’ἁπάσης
852 2749 903 2813 καί
917 2749 1054 2827 ἐξουσίας
1068 2746 1148 2838 άγκιρ
1165 2749 1335 2834 σεσοβημί-

240 2878 320 2931 νοις,
346 2849 422 2939 πρός
436 2848 491 2934 τήν
505 2851 709 2937 προσηγορίαν
722 2855 777 2913 τοῦ
792 2856 953 2936 πληρωτοῦ
966 2849 1223 2938 προσηράφοντες.

304 2991 394 3050 ioris
407 2990 483 3048 iota?
582 2987 648 3048 8τδ
662 2994 704 3058 F,
721 2992 760 3066 τῷ
779 2992 814 3048 c.
868 3053 876 3073 θ
915 2989 1244 3070 9ῥίκτνονδορτττιιτοαι
1255 2993 1332 3048 vide-

306 3074 359 3117 tur.
380 3064 415 3118 1¹⁸.
532 3064 564 3118 18
581 3061 676 3132 παρίει
688 3063 722 3117 C.
840 3061 997 3130 subortae?
1109 3065 1144 3120 21
1161 3059 1284 3132 saltim
1298 3065 1334 3119 0.

306 3135 342 3187 22
358 3129 540 3203 σεσοβημένου
552 3134 586 3185 c.

237 3251 285 3305 tim
303 3249 394 3317 bonis,
418 3249 518 3302 infelici
541 3249 642 3302 illorum
663 3251 736 3315 fato,
758 3257 833 3304 aetas
852 3260 943 3306 nostra
962 3252 1100 3308 exciderit.
1134 3269 1191 3306 utos
1212 3251 1336 3320 antiquus

239 3327 298 3374 erat
310 3317 374 3371 nillil
387 3317 430 3385 agi
446 3326 522 3370 extra
536 3317 657 3389 templum
672 3317 805 3386 iustitiae,
819 3321 889 3388 quod
903 3330 1032 3375 secretum
1046 3323 1157 3388 dicitur,
1175 3320 1335 3376 inturbidura

240 3387 363 3442 uidelicet
379 3405 410 3438 ac
425 3385 529 3439 silentio
548 3386 713 3454 venerabile,
739 3397 766 3440 ct
782 3388 859 3458 quale
875 3408 944 3443 nuuc
959 3391 1029 3443 trullo
1047 3391 1123 3442 ruodo
1143 3397 1198 3450 σοις
1222 3389 1335 3458 nequid

239 3475 297 3512 cum
321 3454 417 3509 iniuria
439 3457 566 3508 damnove
590 3455 685 3509 civium
701 3468 865 3526 peccaretur.
900 3459 1040 3512 sententiis
1057 3475 1121 3510 vero
1137 3456 1252 3525 legitime
1268 3475 1335 3538 pro-

240 3524 383 3589 nuntiatis,
410 3522 532 3579 leserat
554 3534 583 3578 at
603 3525 751 3578 assidentes
773 3528 957 3596 praefecturae
977 3528 1052 3578 ‘viros
1071 3526 1137 3595 iuris
1159 3525 1334 3594 ροτὶῐίεειεαοε

236 3595 319 3648 lectas
336 3593 444 3663 primurn
461 3594 605 3648 sentmtias
620 3595 774 3662 schedario,
793 3604 822 3647 ut
838 3605 949 3662 vocant,
968 3595 1115 3661 subiicere,
1134 3602 1162 3646 ct
1177 3594 1247 3664 qnod
1263 3596 1334 3648 roci-

239 3681 299 3716 nurn
317 3663 376 3716 Itali
395 3669 490 3714 vocant
506 3661 552 3727 (id
566 3672 607 3716 cst
619 3658 807 3733 άντιβολήν),
832 3683 848 3717 o
870 3665 1023 3734 magistratu
1040 3662 1256 3718 subscribendum
1272 3664 1335 3717 huic

238 3733 278 3786 rei
296 3729 454 3801 praepositis
471 3732 588 3786 tradere:
605 3731 774 3786 cancellarios
789 3751 834 3785 cos
849 3733 876 3785 in
891 3731 995 3786 iudiciis
1011 3740 1121 3798 νοτιτιις
1141 3733 1285 3803 dequibus
1300 3733 1335 3787 ad

239 3811 381 3855 extremuni
398 3799 515 3851 dicturus
532 3817 595 3854 sunt.
631 3802 693 3854 inde
710 3819 790 3870 porro
807 3819 823 3853 o
839 3801 991 3853 secretariis
1007 3818 1089 3870 puro,
1108 3810 1137 3854 ut
1152 3812 1262 3869 vocant,
1281 3802 1335 3854 rito

238 3869 322 3938 lecto,
350 3869 441 3942 sicque
465 3867 562 3921 trudito
578 3869 705 3940 litigatori
726 3869 846 3938 (quippe
863 3886 957 3923 causae
974 3869 1061 3938 gratia
1077 3869 1226 3940 adstanti),
1250 3888 1331 3938 syno-
1430 3890 1434 3896 ·

237 3940 297 4008 pain
314 3954 428 3992 sunrrnue
447 3934 500 3988 acii
516 3939 674 3992 secretarius
695 3936 791 3990 Latino
808 3955 927 3991 sermone
943 3939 1073 4004 faciebat,
1091 3958 1200 4010 eantque
1217 3942 1285 4011 apud
1302 3955 1333 3991 aa

238 4010 375 4074 seruabat,
401 4023 434 4058 na
455 4003 519 4074 quid
542 4009 649 4061 audacia
672 4008 782 4060 adderet
803 4007 967 4075 demeretve,
993 4007 1147 4079 impediens.
1183 4027 1235 4079 quo
1252 4011 1333 4074 iacto,

237 4092 293 4129 cunt
312 4076 442 4146 (purum)
459 4073 604 4143 recepisset
617 4076 748 4145 litigator,
773 4074 886 4143 rigorem
906 4075 996 4130 iudicii
1019 4079 1160 4130 admiratus
1182 4080 1215 4131 ad
1239 4075 1331 4147 primi-

238 4145 362 4211 scrinios,
380 4141 426 4214 qui
440 4143 627 4196 sententiarum
642 4153 808 4198 executorem
824 4145 1027 4214 constituerant,
1043 4147 1278 4217 progrediebatnrr
1303 4143 1331 4194 ni

237 4223 321 4266 autern
339 4231 388 4282 per
404 4219 562 4281 apparentes
578 4213 643 4281 ipsis
661 4215 810 4279 adiutores,-
827 4213 900 4266 viros
918 4215 960 4267 vel
978 4215 1045 4284 ipsis
1061 4216 1194 4284 magmis
1211 4217 1281 4268 circa
1297 4211 1331 4264 li-

237 4288 350 4335 terarum
365 4281 533 4351 quaestiones
548 4282 679 4348 negotium
692 4284 868 4349 lacessentes,
895 4283 1051 4353 implebant,
1077 4285 1104 4337 in
1122 4282 1215 4339 aveisa
1231 4282 1330 4348 charta,

235 4347 320 4402 literis
343 4369 443 4404 ornnern
467 4348 555 4402 statim
576 4353 752 4404 reverentiam
769 4370 801 4405 ac
816 4358 974 4420 potestaten
990 4353 1277 4424 praesentantibus,
1297 4352 1331 4405 ad

236 4434 328 4473 nausea
345 4418 510 4490 completoria
523 4418 712 4474 adscribentes.
1081 4420 1084 4424 ’
