3125 4959
573 456 631 523 oa
650 454 865 554 Ιιιιταειιαιο
889 455 949 523 1v.
1266 455 1317 525 ss

214 628 283 711 rupi
298 630 450 709 σταθμῶν
459 625 565 710 χιλίων
578 624 697 709 ἀβολῶν
712 626 790 711 λίμει
804 623 903 693 πάλαιΙ
913 624 1058 712 μενίσθαι
1069 624 1105 692 τό
1117 626 1316 716 μιλιαρίσιον,

215 731 266 794 καί
286 728 346 793 ἀπὸ
361 732 417 813 τῆς
428 726 569 813 χιλιάδος
583 736 643 795 τῶν
659 729 777 811 ὀβολῶν
794 728 891 806 οδτως
904 729 1125 813 ὀνομασθῆναι.

324 831 380 901 10.
435 831 513 899 Μετ’
537 831 633 915 αάτὴν
652 833 730 917 βοτά
752 830 905 919 ποόβλικα
925 830 1034 899 ῶσανεέ
1055 829 1201 916 δημόσιαι
1222 831 1318 917 εάχαί.

216 936 268 1001 καλ
288 934 386 1014 ἀδεῶς
404 935 440 1001 τὸ
463 940 585 1017 πλῆθος
604 936 798 1003 ἀπέσκωπτον
819 940 862 1013 είς
880 952 953 1015 τους
971 935 1121 1024 ἀρχοντας
1135 936 1171 1000 οὗ
1185 934 1319 1023 ῥήμασιν

190 1038 295 1109 saltu
310 1041 360 1102 καί
375 1034 527 1121 σχιξμασὶυ
542 1037 590 1103 ἐπὶ
604 1040 639 1106 τδ
654 1042 814 1125 μελοιῶδες
826 1038 938 1123 ἐχουσι.
958 1047 1049 1107 rosim
1067 1040 1101 1105 δὲ
1114 1040 1261 1127 ἐπραττον
1276 1044 1320 1117 εές

215 1143 308 1224 τιμὴ-ν
320 1139 504 1229 ἐλευθερίας,
526 1144 577 1207 καὶ
591 1142 621 1207 oi
634 1141 777 1231 ἀρχοντες
787 1145 960 1209 ἐνεδίδοσαν
973 1141 1081 1209 ῶσανεέ
1095 1145 1180 1230 νόμῳ
1193 1148 1232 1228 τῇ
1246 1168 1319 1206 συν-

215 1247 309 1333 ηθείᾳ
328 1252 587 1332 παραχωροῦντες.
616 1249 667 1312 καί
688 1247 834 1334 άνίηερον
855 1248 911 1329 τὴν
926 1248 1144 1313 αι’ωνοσκοπίαυ
1160 1245 1190 1311 οἱ
1206 1243 1317 1310 δπατοι
1333 1233 1362 1330 p.
1380 1259 1417 1315 68

215 1357 281 1428 τοῖς
295 1346 527 1434 αι’·-τοκράτορσι,
553 1350 592 1415 δι’
609 1340 646 1434 ἧς
661 1348 836 1435 ἐγινώσκετο
852 1338 992 1427 ποταπδς
1006 1349 1069 1437 ἀρα
1090 1349 1174 1415 ἐσται
1189 1346 1206 1413 ὅ
1219 1350 1321 1413 ἐνιαυ-

216 1450 278 1528 τός.
306 1455 332 1515 εί
352 1452 409 1534 μὲν
426 1452 486 1540 γὰρ
511 1454 623 1538 συνίβη
645 1451 745 1544 ἦμίρρ
763 1450 850 1537 ἡλίου
868 1457 1053 1541 συνδραμεῖν
1066 1454 1124 1538 τὴν
1139 1450 1247 1539 ἐορτὴν
1259 1458 1321 1517 τῶν

175 1565 209 1619 10
217 1557 378 1621 καλανδῶν
383 1602 394 1633 ,
420 1556 571 1639 πολέμους
592 1558 642 1622 καί
665 1556 821 1645 ἀρχόντων
835 1559 1015 1646 διαηθοράς
1033 1559 1084 1622 καὶ
1101 1563 1163 1621 τῶν
1179 1552 1321 1637 δπηκάων

217 1660 258 1739 δι’Ι
274 1659 385 1740 αὐτοὺς
403 1661 555 1743 διχονοίας
572 1654 723 1744 ἀνίμευου,
746 1660 819 1738 scic
837 1663 871 1725 δι’
885 1661 997 1745 ξηροὺς
1010 1660 1146 1745 καρποὺς
1160 1655 1335 1744 ἀηθόνους·

217 1763 268 1829 καὶ
285 1760 392 1849 «χήμας
405 1762 617 1850 παραδόξους·
643 1768 669 1827 εί
684 1752 871 1845 δέσελῆιης,
893 1768 1020 1829 τοιαῦτα
1036 1763 1092 1845 μέν
1106 1761 1216 1839 οάκέτι,
1234 1766 1320 1847 ptio-

217 1867 276 1951 ρὰν
293 1866 327 1929 δέ
342 1871 469 1952 βρεηῶν
486 1869 536 1930 καέ
559 1856 667 1931 σπάνιν
681 1871 742 1931 τῶν
757 1866 933 1948 ἐπιτηδείων
951 1864 1006 1953 ἐαρ
1022 1890 1054 1932 τε
1069 1862 1202 1951 ψυχρόν,
1227 1865 1265 1929 τά
1284 1863 1318 1927 δ’

210 1966 378 2055 ἀκρόδρυα
399 1971 542 2051 δαψιλῶς
556 1967 732 2035 ἐπιδώσειν·
759 1971 786 2034 εἰ
800 1970 830 2032 δ’
842 1968 957 2055 Ἄρεος,
984 1968 1183 2052 ἐμπρησμοὺς
1199 1968 1255 2049 μέν
1269 1968 1321 2031 καί

177 2082 209 2138 15
219 2070 327 2148 νόσους
333 2119 343 2149 ,
370 2071 453 2137 otton
477 2072 512 2137 δέ
530 2075 580 2137 καί
603 2074 706 2135 ἐλαίου
728 2071 779 2134 καὶ
801 2071 934 2156 ὀσπρίων
956 2069 1120 2157 ἀφθονίαν,
1142 2071 1198 2133 καί
1213 2068 1321 2150 στάσεις

217 2174 384 2261 ἐμηάλιον·
411 2175 485 2238 δταν
504 2175 538 2237 δέ
557 2170 672 2259 Ἑρμοῦ
678 2219 689 2250 ,
714 2170 851 2260 Υφθοράν
870 2173 926 2255 μέυ
947 2174 1061 2257 νηπίων
1084 2174 1135 2238 καί
1158 2170 1268 2251 νόσους
1285 2174 1319 2238 ἐκ

218 2274 334 2362 (ἰάσεως
353 2271 503 2362 γαστρός,
530 2278 580 2341 καί
602 2285 669 2368 ταῖς
690 2276 801 2359 με’σαις
812 2277 844 2342 ἐν
858 2274 960 2366 ἡλικίη
973 2279 1088 2361 γυναιξί
1106 2273 1243 2364 ηθοράν,
1268 2278 1320 2340 καλ

218 2378 308 2463 λιμὸν
331 2378 510 2443 ἀπευκταίον
531 2376 680 2444 καθόλου.
710 2381 742 2444 ἐν
759 2379 819 2466 γὰρ
844 2386 882 2465 τῇ
903 2381 981 2456 Διὸς
1000 2376 1100 2470 ἡμίρρ
1115 2378 1322 2462 ἐμπιπτούσης

218 2488 273 2565 τῆς
292 2488 353 2547 τῶν
375 2484 535 2547 καλανδῶν
558 2480 666 2569 ἐορτῆς
690 2480 790 2548 πάντα
810 2484 867 2566 μέν
883 2483 988 2569 ἀγαθὰ
1003 2486 1121 2549 ἐδίδοτο
1136 2487 1321 2569 προσδοκῶν,

172 2583 350 2670 2οχιονῶδη
372 2586 406 2651 δέ
425 2585 476 2651 καὶ
496 2581 613 2669 δετῶδη
635 2586 689 2651 τόν
705 2585 831 2674 καιρόν,
851 2583 893 2663 ῶς
906 2588 985 2671 μηδὲ
999 2588 1071 2664 τοὺς
1086 2587 1244 2669 ποταμοὺς
1256 2579 1324 2663 ταῖς

219 2691 341 2767 οέκείαις
361 2688 551 2775 ἀρκεσθῆναι
572 2693 694 2766 κοίταις.
721 2691 769 2755 ἐπὶ
793 2692 827 2755 δέ
847 2698 903 2772 τῆς
924 2693 1027 2775 ἐκτης,
1060 2689 1129 2771 ἥτις,
1141 2690 1324 2776 Ἀφροδίτης

220 2788 294 2858 tirus
309 2794 476 2875 νομίζεται,
502 2803 566 2869 ταῖς
587 2794 643 2876 μίν
664 2792 793 2878 ἀρχουσι
806 2793 959 2881 θόρυβον,
984 2803 1048 2869 τοῖς
1064 2793 1098 2857 δέ
1113 2803 1241 2879 καρποῖς
1259 2794 1324 2857 ἐπί·

220 2898 324 2973 δοσιν,
356 2897 407 2961 καὶ
430 2882 494 2974 τοῖς
513 2908 623 2974 κοινοῖς
646 2899 810 2984 ιιιλίμουςΙ
817 2904 924 2985 βαρεῖς
946 2895 1074 2986 ηθοράν
1097 2921 1130 2964 τε
1149 2897 1325 2984 ἀνθρώπων

289 3038 306 3093 8
325 3034 414 3108 ἐσται]
432 3039 476 3109 εἴη
489 3040 522 3095 P.
629 3042 662 3097 17
677 3040 806 3111 νοσερῶν
818 3040 852 3096 Ρ.

218 3158 381 3279 ponderibus
399 3158 469 3212 mille
482 3157 567 3213 obolis
583 3158 644 3213 olim
660 3161 812 3215 constitisse
829 3160 896 3216 dicit
912 3159 1074 3215 miliarisium
1090 3164 1119 3228 et
1136 3177 1153 3215 s
1170 3166 1240 3213 mille
1256 3162 1324 3214 obo-

230 3245 302 3280 orum
321 3245 429 3281 numero
446 3228 485 3282 its
503 3228 662 3283 nominatum
679 3232 773 3284 luisse.

292 3298 335 3348 10.
370 3296 438 3349 Post
454 3314 512 3351 eum
529 3300 598 3351 diem
617 3308 681 3353 vota
696 3300 811 3369 publice.
843 3307 872 3353 et
886 3299 992 3368 impune
1007 3298 1083 3369 plebs
1098 3298 1226 3352 illudebat
1239 3296 1323 3363 mogi-

221 3364 350 3418 stratibus
368 3382 421 3419 non
438 3366 526 3432 (lictis,
545 3384 636 3420 verum
652 3371 731 3423 etism
750 3369 870 3437 gestibus
887 3370 921 3421 ad
935 3369 1015 3421 risum
1030 3370 1186 3421 nmvendum
1199 3376 1323 3437 spectan-

221 3434 305 3490 tibus.
333 3434 384 3487 boc
397 3442 484 3487 autern
499 3436 634 3489 faciebant
646 3438 674 3490 in
691 3439 818 3491 honorem
832 3438 972 3503 libertatis,
992 3446 1020 3489 et
1033 3437 1200 3505 magistratus
1214 3434 1325 3504 permit-

221 3506 332 3569 tebant,
351 3505 491 3571 cedentes,
505 3512 628 3577 tunquam
641 3506 703 3574 legi,
723 3506 915 3559 consuetudini.
944 3516 973 3559 et
988 3507 1143 3559 referebant
1159 3510 1193 3558 de
1206 3504 1339 3574 auguriis

222 3572 343 3627 consules
357 3574 391 3627 ad
408 3572 591 3643 imperatores,
606 3593 644 3627 ere
655 3577 750 3645 quibus
764 3578 973 3644 cognoscebatur
985 3576 1070 3646 qualis
1083 3578 1237 3628 fercannus
1252 3581 1325 3629 esset

222 3644 337 3697 futurus.
363 3642 387 3696 si
400 3642 469 3697 eninr
483 3642 632 3713 contigeret
643 3654 673 3699 ut
685 3645 713 3698 in
724 3646 794 3699 diem
806 3644 869 3699 solis
881 3645 1035 3699 inciderent
1041 3644 1216 3697 Kalendarum
1229 3644 1323 3713 feriae,

221 3712 292 3766 bellu
301 3720 329 3764 et
341 3712 539 3781 magistratuum
550 3716 645 3767 caedes
655 3723 683 3769 et
694 3715 789 3768 civium
800 3724 911 3798 propter
924 3733 969 3767 eos
981 3716 1115 3767 dissensus
1125 3715 1324 3782 exspectabant,

221 3781 310 3850 largos
330 3791 417 3835 autem
438 3783 539 3836 fructus
558 3785 646 3837 aridos
665 3793 693 3839 et
714 3802 833 3839 rumores
851 3791 1017 3853 insperatos3
1044 3782 1068 3833 si
1095 3782 1123 3835 in
1141 3781 1235 3850 lunse,
1260 3782 1326 3835 talis

223 3852 329 3921 quidem
345 3868 398 3902 non
416 3849 543 3920 amplius,
569 3853 615 3904 sed
633 3853 768 3907 interitum
786 3852 925 3905 infantium
942 3859 971 3903 et
988 3851 1102 3921 inopiam
1118 3852 1207 3903 ‘victus
1225 3855 1327 3920 verque'

222 3920 364 3989 frigidum,
388 3921 519 3974 fructuum
538 3930 624 3973 autem
641 3930 816 3975 testaceorum
833 3920 932 3988 largum
951 3931 1122 3991 proventum
1138 3920 1162 3973 si
1179 3921 1206 3973 in
1221 3920 1328 3989 Martis,

222 3989 391 4044 incendisset
409 3991 524 4057 morbos,
540 3989 597 4043 vini
610 3998 696 4044 eutem
712 3999 740 4043 et
757 3990 809 4042 olei
827 3999 906 4057 atque
924 3989 1080 4060 leguminum
1099 3990 1200 4059 copiam
1214 3998 1242 4042 et
1255 3989 1328 4043 sedi-

223 4058 323 4113 tionem
337 4058 507 4123 intestiuam3
526 4058 628 4113 sivero
642 4059 670 4113 in
686 4059 822 4125 Mercurii,
836 4059 969 4113 interitum
982 4060 1120 4113 infantium
1135 4068 1163 4111 et
1175 4062 1280 4113 morbos
1296 4075 1330 4112 ex

225 4129 327 4181 ventris
345 4130 433 4196 fluxu,
452 4137 481 4183 et
496 4129 598 4194 mediae
620 4129 715 4183 aetstis
734 4129 894 4200 mulieribus.
906 4138 1016 4182 mortem
1032 4139 1061 4182 et
1078 4129 1172 4181 famem
1187 4145 1329 4182 exsecran-

226 4198 285 4249 dam
304 4198 439 4251 universe.
474 4198 503 4251 in
516 4200 589 4252 Iovis
601 4200 670 4264 ,enim
688 4201 757 4253 diem
772 4199 950 4253 incidentibus
963 4199 1139 4253 Kalendarum
1153 4198 1230 4252 l'eriis
1244 4198 1331 4251 onmia

226 4266 314 4320 fausta
339 4276 496 4351 exspectare
514 4268 630 4337 licebat,
659 4270 777 4324 nivosam
798 4278 884 4338 autem
902 4277 931 4321 et
947 4268 1060 4337 pluriam
1080 4276 1281 4350 tempestatem,
1302 4272 1337 4319 ut

226 4352 313 4403 neque
326 4338 401 4391 fluvii
420 4338 475 4390 suis
492 4350 646 4393 arcerentur
665 4339 764 4402 alveis3
783 4349 859 4394 sexto
874 4347 969 4404 etitem,
988 4338 1034 4406 qui
1048 4336 1161 4390 Veneris
1180 4355 1240 4390 esse
1253 4344 1331 4406 puts-

225 4410 279 4472 tur,
298 4407 497 4475 magistratibus
516 4408 666 4477 tumultum,
685 4408 816 4462 fructibus
834 4418 920 4462 autem
936 4407 1123 4461 incrementum
1141 4416 1169 4459 et
1186 4406 1226 4459 rei
1244 4404 1331 4477 publi-

227 4490 275 4529 ese
290 4475 360 4529 bella
378 4477 472 4547 gravia
489 4477 677 4551 interitumque
694 4478 841 4548 bominum,
856 4485 885 4532 et
898 4477 1042 4549 praecipue
1057 4474 1219 4544 iuventutis,
1236 4493 1331 4548 exspe-
