3125 4959
414 447 472 514 DE
496 447 832 516 illuminamus
856 449 891 513 Ρ.
914 449 955 515 Β.
978 448 1055 515 LIB.
1080 449 1105 517 1.
1236 447 1304 520 161

216 618 289 696 τοδς
305 619 361 703 μὲν
375 620 584 708 τουτελαρίους
597 619 669 698 τοδς
684 622 718 685 δι’
733 621 1054 708 φιδεῦιομμισσαρίους
1064 616 1239 705 δνομιίζων·
1264 613 1307 689 ὧν

217 721 300 800 ἅπαξ
314 722 522 805 σχολαζόντων
537 725 573 788 οὔ
586 727 724 790 συνεῖδον
737 732 923 809 μνησθῆναι.

320 823 380 894 49.
433 824 596 893 Τοσοδτῶν
627 827 782 915 ἀρχόντων
812 828 845 892 lx
873 826 1040 911 προοιμίων
1059 832 1116 910 τῆς
1131 824 1308 912 Ῥωμαϊκῆς

215 930 366 1004 πολιτείας
378 930 466 1015 με’χρι
481 937 534 1013 τῆς
547 929 767 1012 δπιεαιεστιίτης
779 934 937 1010 βασιλείας
952 931 1045 994 Τίτου
1058 926 1181 1014 μνήμην
1195 932 1227 996 ἓν
1239 941 1308 1008 ταῖς

190 1029 362 1116 δίστορίαις
375 1029 472 1120 eripuis*
484 1033 576 1116 πίρας
591 1033 728 1116 ἐπιθήσω
744 1039 787 1118 τῷ
803 1030 893 1120 λόγῳ.
945 1033 1015 1096 οὐδὲ
1036 1033 1096 1118 γὰρ
1118 1040 1179 1098 τῶν
1200 1035 1306 1115 Δομε-

211 1140 319 1204 Ιτιανοῶ
337 1136 513 1200 δυοκαίδεκα
530 1131 703 1221 πολιάρχων
710 1181 721 1212 ,
747 1134 818 1200 οὐδὲ
828 1135 890 1217 μὴν
903 1142 965 1201 τῶν
978 1139 1156 1200 Βασσιανοῶ
1169 1131 1224 1201 τοῦ
1240 1138 1306 1201 cnl-

214 1240 288 1318 κλην
301 1237 506 1322 Καρακάλλου
520 1243 725 1323 νεωτερισμῶν
744 1234 866 1320 μνήμην
880 1234 1072 1321 ποιήσασθαι
1087 1242 1240 1304 συνεῖδον·
1265 1239 1305 1304 nl

212 1337 271 1423 γὰρ
286 1339 369 1425 παρὰ
383 1347 443 1404 τῶν
457 1345 557 1416 κακῶς
571 1339 832 1423 βεβασιλευκδτων
846 1337 1005 1426 γενόμενα,
1030 1339 1088 1405 κᾶν
1103 1334 1159 1406 ῶσι
1173 1340 1305 1428 χρηστά,

212 1445 475 1529 καταφρονείοθω.
1262 1431 1264 1433 ¹

172 1555 206 1609 10
316 1545 375 1610 50.
429 1546 589 1632 Τρίβυρες,
613 1539 704 1618 ἔθνος
716 1538 897 1622 Γαλατικῶν,
921 1553 989 1618 τοῖς
1002 1543 1115 1626 ὄχθαις
1127 1543 1305 1630 τοῦῬῆνου

211 1643 469 1728 παρανεμδμενοι,
489 1643 565 1709 ὅπου
589 1647 640 1708 καί
661 1647 811 1730 Τρίβυρις
832 1641 853 1726 ἡ
873 1643 976 1723 πόλις,
991 1646 1229 1733 (Συγάμβρους
1245 1649 1305 1713 αὖ·

209 1745 281 1821 τυδς
293 1746 412 1824 Ἰταλοί,
438 1747 467 1810 οἶ
483 1748 517 1810 δὲ
534 1746 674 1812 Γαλάται
693 1745 855 1832 Φράγκονς
866 1749 945 1812 καθ’
963 1745 1045 1832 ἡμᾶς
1055 1750 1304 1836 ἔπιφημίζουσιν)

209 1847 257 1910 ἐπὶ
281 1849 413 1934 Βρίννου
438 1851 511 1914 ποτὲ
535 1844 586 1913 διδ
611 1856 672 1914 τῶν
689 1849 823 1915 ’Άλπεων
845 1848 1002 1934 σποράδην
1023 1849 1171 1930 ἀλώμενοι
1189 1854 1236 1917 ἐπὶ
1249 1853 1305 1937 τὴν

182 1960 184 1966 '
207 1949 337 2016 Ἰταλίαν
351 1953 556 2035 ἓξηνίχθησαν
570 1951 621 2015 διδ
636 1955 696 2016 τῶν
710 1947 879 2015 ἀνοδεδτων
891 1954 943 2016 καὶ
956 1951 1146 2018 διιανθωδῶν
1160 1956 1304 2040 ε’ρημιῶν,

169 2065 202 2120 15
212 2051 255 2129 ὥς·
277 2078 370 2140 φησιν
397 2055 580 2140 Οὐεργίλιος.
631 2049 694 2118 εἶτα
717 2056 767 2118 καί
783 2053 842 2118 ,διδ
863 2061 925 2119 τῶν
944 2052 1105 2136 ὑπονόμων
1127 2053 1306 2134 ἐπελθόντες

209 2156 264 2238 τὴν
283 2154 410 2241 Ῥώμην
432 2161 482 2222 καὶ
506 2156 581 2222 αδτδ
603 2158 637 2221 δὲ
657 2155 692 2220 ιδ
708 2154 905 2222 Καπετώλιον
921 2157 1106 2245 ἐκράτησαν,
1132 2157 1181 2226 ὅτε
1197 2165 1257 2226 τῶν
1272 2161 1304 2224 ἓν

208 2265 252 2345 τῷ
273 2259 344 2346 ἱερῷ
365 2267 468 2342 χηνῶν
491 2260 706 2345 ταραχθέντων
727 2256 787 2324 {aab
807 2265 869 2325 τῶν
888 2258 1057 2347 βαρβάρων
1076 2258 1200 2350 δκριίτιρ
1219 2264 1304 2327 νυκτὶ
1412 2304 1414 2307 .

209 2363 362 2448 φανίντων
383 2364 548 2448 διεγερθεὶς
568 2361 713 2437 Μάλλιος
736 2359 752 2426 ὃ
774 2363 942 2447 στρατηγὸς
961 2367 1085 2448 (γείτων
1101 2365 1134 2428 δὲ
1149 2357 1206 2448 ἦν)
1231 2365 1304 2442 τοδς

208 2465 263 2545 μὲν
285 2451 464 2552 βαρβάρους
485 2463 638 2549 ίξῶθησι,
659 2475 721 2542 τοῖς
743 2467 777 2528 δὲ
795 2468 886 2548 χηοδν
906 2463 1014 2553 ἱορτην
1032 2468 1083 2530 καὶ
1099 2467 1302 2553 ἱπποδρομίαν

165 2566 290 2651 ἲθῶγειν
304 2564 488 2652 Ῥωμαίοις,
510 2578 573 2645 τοῖς
592 2570 626 2634 δι’
645 2570 730 2632 κυσίν
749 2566 880 2653 ὄλεθρον
895 2571 974 2634 κατὰ
988 2569 1040 2634 τδν
1055 2570 1088 2632 ἓν
1103 2571 1200 2633 λεόντι
1216 2569 1302 2652 ἥλιον

208 2669 339 2755 διώρισε.
389 2669 506 2736 τούτων
531 2670 627 2748 οὕτως
650 2668 715 2736 τότε
736 2677 901 2755 γενομένων
917 2669 1009 2754 νόμος
1023 2672 1112 2754 ε’τίθη
1126 2669 1144 2735 ὃ
1158 2671 1301 2758 προάγων

206 2771 278 2850 τοδς
291 2770 430 2856 φύλακας
444 2780 505 2838 τῶν
517 2781 642 2840 νυκτῶν.
680 2776 730 2837 καλ
747 2772 821 2839 ὅσον
832 2774 888 2857 μὲν
901 2775 978 2863 πρδς
996 2773 1030 2840 τδ
1045 2781 1144 2858 μῆκος
1158 2782 1213 2840 τοῦ
1224 2772 1302 2862 χρό-

275 2967 359 3024 6τοῦ
375 2967 417 3040 1¹⁸,
432 2963 465 3021 τδ
483 2968 517 3021 0.
639 2967 669 3023 11
689 2963 864 3034 συμγάβρους
880 2969 915 3022 0.
1034 2969 1068 3023 12
1084 2968 1113 3021 ol
1129 2971 1169 3038 F,
1187 2965 1251 3022 οίσν
1267 2969 1301 3023 C.

277 3039 311 3093 1⁵
328 3038 395 3098 Aen.
409 3037 426 3091 8
442 3037 506 3093 657:
526 3036 659 3106 (διδῶμεν
674 3038 763 3092 darnae
779 3039 899 3090 αδαατιι.
925 3037 959 3090 F.

205 3206 325 3261 subtilius
340 3207 373 3260 da
386 3209 553 3276 prael-oribus
566 3208 705 3279 disseruit,
722 3209 788 3263 alios
800 3205 951 3273 tutelarios,
969 3203 1035 3258 alios
1048 3204 1302 3260 fideicommissarios

205 3276 356 3348 appellans3
372 3278 405 3330 da
424 3278 534 3346 quibus,
551 3279 672 3348 quoniam
689 3279 769 3332 semel
786 3275 921 3347 abrogati,
939 3275 1010 3327 nolui
1023 3293 1232 3329 commemorare.

274 3377 317 3433 49.
351 3377 488 3448 Expositis
511 3381 721 3448 magistratibus,
747 3396 856 3449 quorum
872 3379 906 3430 ab
923 3377 1085 3430 incunabulis
1104 3378 1236 3429 Romanae
1259 3375 1301 3428 rei

206 3447 327 3517 publicae
342 3449 375 3501 ad
389 3447 621 3503 mansuetissimum
637 3449 695 3502 Titi
713 3449 865 3518 imperinm,
889 3446 917 3498 in
936 3445 1053 3499 historiis
1072 3444 1219 3496 memoriam
1236 3461 1300 3514 rep·

205 3517 281 3586 peri,
304 3517 383 3570 finem
399 3516 465 3569 libro
482 3517 621 3585 imponam.
656 3517 825 3586 nequeenim
837 3515 980 3568 Domitiani
997 3512 1132 3566 duodecim
1147 3515 1300 3581 praefecto·

206 3603 262 3639 rum
286 3586 375 3654 urbis,
404 3601 488 3655 aeque
517 3603 581 3638 vero
610 3586 730 3641 Bassiani
753 3585 907 3656 cognomine
931 3580 1080 3636 caracallae
1103 3582 1301 3635 innovationum

206 3655 362 3708 mentionem
380 3656 467 3708 facere
482 3649 567 3707 volui:
594 3670 662 3725 quaa
678 3655 746 3709 einim
762 3674 779 3710 a
794 3654 885 3726 pravis
898 3649 1061 3723 principibus
1074 3650 1160 3720 iacta,
1180 3651 1299 3721 quamvis

205 3722 343 3777 utilissima
359 3723 427 3793 sint,
447 3732 654 3779 contemnuntor.

274 3825 318 3880 60.
353 3825 482 3895 Treveri,
503 3843 566 3896 gens
584 3819 700 3896 Gallica,
717 3826 791 3896 ripas
803 3823 890 3879 Rheni
905 3822 1069 3889 accolentes,
1087 3821 1130 3875 ubi
1145 3827 1173 3874 et
1190 3819 1300 3873 Treviri

205 3895 282 3960 urbs,
312 3895 491 3964 (Sygambros
520 3913 564 3948 eos
591 3895 652 3948 Itali
698 3896 768 3948 Galli
795 3905 881 3952 autam
906 3909 975 3945 nuuc
1001 3893 1119 3946 Francos
1146 3889 1298 3960 appellant)

203 3963 309 4035 Brenno
329 3966 395 4017 duce
416 3967 543 4033 quondam
565 3981 613 4034 per
633 3935 714 4033 Alpes
736 3983 749 4018 s
769 3966 846 4017 araim
869 3971 988 4014 errantes
1007 3962 1036 4013 in
1052 3960 1154 4013 Italiam
1168 3960 1300 4039 irruerpnt

204 4048 253 4102 per
268 4033 375 4085 deserta
389 4033 462 4086 invia
475 4044 503 4090 et
515 4035 635 4099 dumosa,
657 4043 687 4086 ut
702 4033 741 4086 ait
782 4031 892 4102 irgilius.
927 4030 1024 4084 deinde
1042 4047 1091 4099 per
1107 4027 1239 4080 cuniculos
1255 4043 1299 4079 an·

204 4100 290 4169 gressi
310 4101 418 4154 Romam
440 4109 518 4172 atque
536 4104 619 4172 ipsam
637 4101 796 4170 Capitolium
812 4112 937 4167 tenuere,
963 4117 1020 4152 curn
1036 4116 1052 4151 a
1069 4097 1188 4150 barbaris
1204 4096 1298 4148 intem-

224 4175 281 4221 esta
298 4179 375 4223 nocte
391 4172 579 4240 apparentibus
592 4171 693 4235 territi,
718 4171 808 4241 quiin
822 4167 918 4236 templo
937 4176 1013 4222 erant
1027 4184 1148 4233 anseres,
1174 4164 1300 4218 Manlium

204 4186 295 4290 lucem
313 4238 435 4304 (ricinus
451 4249 537 4294 autem
551 4241 628 4308 erat)
638 4237 806 4306 excitarunt,
823 4237 868 4305 qui
889 4239 1016 4290 barbaros
1034 4236 1145 4301 deiecit,
1162 4232 1299 4290 anseribus

204 4315 289 4368 autem
303 4314 332 4358 nt
345 4308 440 4361 festum
456 4317 484 4362 et
499 4326 590 4363 cursus
606 4315 740 4378 equestres
759 4307 873 4361 ludicros
891 4306 1003 4359 Romani
1020 4304 1201 4370 celebrarent,
1225 4300 1296 4354 cani-

203 4375 251 4428 bus
271 4391 335 4426 vero
355 4377 498 4442 perniciem
519 4378 574 4431 sole
594 4377 695 4431 leonem
716 4383 908 4446 percurrente,¹
930 4374 1060 4429 decrevit.
1095 4390 1163 4445 quae
1184 4388 1241 4424 cum
1260 4370 1300 4425 ita

202 4451 256 4498 tara
272 4442 445 4514 accidissent,
466 4447 509 4500 lex
523 4447 578 4501 lats
594 4456 636 4502 est
648 4441 772 4502 ὀιιετοδετ
789 4448 932 4499 nocturnos
945 4443 1098 4499 annuam.
1133 4448 1161 4495 st
1177 4447 1299 4511 quantum

247 4525 356 4578 loannes
376 4523 475 4592 Ιηιίια.
694 4610 696 4614 Ι
1053 4516 1091 4576 11
