3125 4959
354 471 356 478 .
433 421 491 488 DE
515 417 847 487 uuulsmffluus
871 419 906 483 P.
928 419 969 484 ll.
993 417 1071 482 ΗΒ.
1095 417 1151 485 lIl.
1269 414 1340 488 199

249 593 303 678 την
329 591 484 683 Θρηικικὴν
508 593 653 676 διοίκησιν
673 589 873 678 ιίναιγίρεται,
899 590 933 656 τὸ
954 591 988 655 δέ
1007 595 1066 656 ταῖν
1078 587 1173 675 ίργιον
1188 585 1337 666 είςίίλλας

248 695 339 778 τυχιλν
363 699 508 782 ἐπαρχίας
518 698 654 788 συμβαίη
671 697 727 772 τὰς
740 690 918 770 ἅνανεοίοεες
930 694 1068 778 γίνεσθαι
1080 699 1142 759 τῶν
1154 692 1265 779 ἐργιον·
1290 691 1337 758 ὅτι

249 800 282 863 dt
296 799 332 862 οὗ
344 798 467 886 σφίιλρα
480 808 627 882 συνεχεῖς,
646 795 705 864 ὕπο
717 804 778 864 τῶν
789 797 821 862 ἐν
833 804 901 873 ταίς
914 795 1094 880 διοικήσεων
1105 797 1230 872 ἐκείναις
1240 800 1337 882 κοῦριι

247 898 470 990 ἐπιστολαίρουμ
481 901 521 968 τὰ
533 899 751 989 προστάγματα
764 907 819 984 τῆς
829 900 1039 983 ἐπιδιδομίνης
1050 899 1110 964 ἀπὸ
1122 905 1177 966 τοῦ
1189 900 1337 982 δημοσίου

223 999 385 1086 5ι1οιπιίνης
397 1007 519 1091 γίνεται.
567 1003 603 1069 τὸ
618 1005 677 1092 γὰρ
693 1009 754 1070 τῶν
766 1001 868 1068 ὅπλων
882 1003 1014 1088 σκρινίον
1027 1000 1195 1090 ὡρισμένας
1207 1001 1263 1083 μίν
1277 1001 1337 1082 ἔχει

246 1107 302 1183 τὰς
320 1106 379 1171 ἀπὸ
394 1114 456 1174 τῶν
469 1109 621 1193 ἐπαρχιῶν
634 1108 818 1183 συντελείας,
843 1111 934 1193 νεῦρα
948 1106 1025 1191 λέγιο
1040 1108 1092 1170 καλ
1107 1105 1218 1191 κίρατα
1232 1106 1281 1169 καί
1297 1103 1337 1166 soi

247 1206 339 1273 λοιπιί
344 1256 355 1288 ,
380 1210 457 1298 πρὸς
473 1211 507 1275 δέ
519 1209 575 1287 τὰς
587 1205 817 1286 &ammonicae
825 1210 931 1297 χρείας
943 1209 976 1275 ἐν
986 1219 1051 1287 τοῖς
1065 1210 1209 1292 πολέμοις
1221 1203 1336 1290 ὑπουρ-

202 1383 206 1390 ,
246 1321 295 1396 γει*
306 1322 368 1388 τοῖς
382 1311 620 1400 προστάγμασιν.

348 1413 382 1484 6.
432 1419 557 1497 Πολλῆς
578 1416 613 1480 di
635 1412 730 1498 οίίσης
744 1410 820 1501 ίιπέρ
841 1412 978 1501 αριθμὸν
993 1419 1047 1497 τῆς
1059 1419 1120 1480 τῶν
1133 1407 1338 1497 ταχτγριίιμον

206 1531 238 1585 10
246 1514 400 1600 πληθύος,
425 1519 476 1582 καί
498 1516 535 1581 οὐ
555 1517 667 1605 μικριλς
686 1513 813 1601 ἐχοίσης
824 1515 971 1602 ἀφορμὰς
985 1517 1034 1580 ἐπὶ
1047 1517 1173 1602 κίριλους
1186 1516 1339 1599 ἐργασίας,

244 1619 273 1682 oi
294 1615 409 1699 τούτων
430 1623 481 1684 καί
502 1618 692 1706 λογικώτερον
713 1621 763 1684 καί
783 1618 862 1705 πρὸς
879 1617 935 1701 τὴν
950 1615 1117 1704 ὑπηρεσίαν
1132 1619 1293 1700 ἀρκοῦντες
1305 1619 1339 1678 ἐν

243 1724 452 1788 πεντεκαίδεκα
465 1731 669 1808 συναγωγαῖς,
687 1721 724 1798 ἃς
736 1713 863 1787 καλοῦσι
877 1720 1006 1803 σχολάς,
1026 1716 1253 1804 συλλεγαίμενοι,
1274 1718 1337 1798 [nil

244 1823 300 1906 τὴν
328 1815 423 1890 οὖσαν
455 1826 558 1902 αὐτοῖς
582 1835 687 1911 πεῖραν
714 1833 779 1901 τοῖς
800 1821 974 1909 πριίγμασιν
994 1819 1211 1903 ἐπιδειξάμενοι
1231 1822 1279 1884 ἐπὶ
1303 1818 1340 1883 mi

244 1924 345 2010 νάγμα
358 1933 418 1991 τῶν
429 1927 686 2011 Αίγουσταλίιον,
708 1925 766 2012 εἷ’γε
779 1925 841 2014 ἄρα
854 1927 998 2003 θέλουσι,
1024 1926 1152 2012 παρίασι
1172 1925 1224 1988 καί
1242 1926 1286 1999 είς
1303 1922 1338 1986 τὸ

204 2034 299 2096 15τοῦ
315 2031 560 2116 κορνικουλαρίου
575 2025 727 2114 πλήρωμα
744 2033 914 2094 καταντῶσι
921 2043 944 2106 ,’
955 2026 1035 2108 μετα
1057 2027 1161 2110 μίντοι
1182 2026 1237 2109 τὴν
1252 2031 1338 2108 λεγο·

243 2133 335 2214 με’νην
355 2136 551 2216 βοηθοῦσαν·
577 2130 607 2196 οἳ
625 2131 764 2212 μένοντες
787 2131 837 2193 lul
859 2136 914 2213 τῆς
932 2130 1039 2195 deliros
1058 2133 1101 2206 είς
1114 2129 1149 2194 τὸ
1164 2135 1221 2194 τοῦ
1233 2153 1337 2213 πριμι-

244 2235 377 2317 σιραίου
392 2233 593 2320 ἄναιγέρονται
605 2230 768 2318 πλήρωμα.
817 2233 869 2296 καί
887 2233 955 2318 περλ
970 2233 1027 2315 μέν
1039 2229 1149 2299 τούτου
1163 2231 1339 2317 ἄκριβίστε·

243 2360 298 2419 ρον
319 2360 354 2399 ον
374 2359 410 2400 το
436 2358 502 2406 πως
525 2333 657 2421 εἴρηται,
709 2333 778 2418 (7)
803 2333 882 2415 μετὰ
905 2335 939 2397 δέ
961 2334 1033 2410 τοὺς
1051 2336 1101 2400 ἐπὶ
1121 2345 1189 2410 ταῖς
1207 2338 1340 2417 λογικαίς

244 2438 440 2530 scrupulum&
462 2439 658 2522 λειτουργίαις
678 2437 752 2501 sicis
767 2434 797 2499 oi
810 2426 964 2521 λεγόμενοι
983 2434 1207 2520 σιγγουλιίριοι,
1233 2435 1341 2521 ἄνδρες

201 2543 388 2627 κθέεσρεχεῖς
396 2587 406 2618 ,
428 2541 477 2604 ε’πλ
499 2539 556 2616 τὰς
570 2538 716 2625 ἐπαρχίας
732 2541 886 2620 δημοσίων
901 2539 986 2603 ἕνεκα
994 2544 1105 2624 χρειῶν
1116 2535 1340 2617 ἀποστελλόμε-

244 2664 306 2707 νοι·
329 2634 372 2708 ὧν
392 2642 540 2708 ἀνίκαθεν
559 2641 616 2719 τὰς
639 2637 879 2726 ἀναγκαιοτάτας
896 2642 948 2706 καλ
966 2643 1010 2717 εἰς
1027 2640 1123 2721 αὐτὴν
1139 2638 1341 2714 συντελούσας

242 2744 298 2828 την
320 2746 394 2830 ὅλην
415 2745 568 2810 πολιτείαν
587 2745 693 2831 χρείας
709 2743 952 2830 ἐγχειριζομένιον
970 2744 1153 2829 παρεισέδυ,
1174 2748 1229 2826 τῆς
1244 2743 1341 2828 incp-

240 2844 370 2933 χότητος
394 2846 456 2932 ἤδη
469 2847 721 2935 -μαραινομίνης,
757 2842 779 2930 ἢ
813 2851 876 2913 τῶν
912 2846 1079 2931 λεγομένιον
1116 2851 1341 2932 μαγιστριανιίν

311 2990 330 3044 2
346 2984 478 3057 ἐπαρχίας
491 2984 522 3044 ἐν
538 2987 585 3054 ula
600 2989 721 3061 συμβαίη
736 2990 772 3044 1⁸⁸.
888 2989 907 3044 8
920 2987 951 3042 ἐν
964 2989 1043 3059 νυῑςο
1056 3006 1108 3043 om.
1224 2979 1342 3053 θοίνης

310 3058 360 3179 ηηγ
376 3053 468 3180 cispio?
485 3061 522 3114 ci.
539 3078 565 3115 c.
581 3060 622 3115 14.
754 3059 787 3114 11
804 3057 850 3128 ol]
866 3059 902 3128 τῇ
917 3057 1007 3128 reaigo.
1140 3059 1172 3113 18
1188 3056 1249 3126 logo
1263 3053 1341 3111 ἐννέ-

356 3145 379 3188 τ.
423 3163 431 3181 .

244 3244 317 3300 urbis
333 3242 457 3300 scrinium
479 3247 513 3299 ad
530 3246 671 3300 Threciam
689 3247 941 3301 administrationem
956 3247 1085 3313 rol'erlnr,
1110 3264 1125 3299 ο
1145 3263 1216 3299 orum
1233 3263 1296 3297 vero
1310 3245 1343 3296 sd

245 3314 312 3370 elias
333 3314 402 3368 ieirts
426 3315 592 3384 provincias,
625 3317 653 3369 iu
673 3317 749 3387 queis
769 3332 877 3388 operum
896 3314 1103 3371 restaurationes
1122 3263 1181 3368 λαοί
1199 3313 1343 3382 contingit,

244 3400 312 3455 quac
326 3382 446 3454 quonium
459 3401 510 3437 non
525 3387 659 3438 admodum
676 3385 800 3452 crebrae,
816 3387 850 3438 ab
864 3384 965 3439 illarum
982 3383 1140 3439 dioecesium
1157 3384 1229 3438 curis
1242 3382 1342 3450 episto-

245 3454 326 3507 larum
349 3449 519 3506 addendus
542 3454 646 3525 publico
672 3463 790 3525 sumptus
809 3453 963 3524 imperatur.
998 3470 1056 3507 nam
1073 3469 1202 3506 armorum
1219 3450 1344 3504 scrinium

246 3530 319 3576 carta
336 3522 415 3575 nabet
430 3540 446 3574 a
464 3522 608 3591 provinciis
625 3521 739 3589 tributa,
763 3539 860 3576 neruos
876 3523 995 3594 inquam,
1018 3538 1095 3575 arcos
1110 3529 1138 3574 et
1154 3519 1271 3590 reliqua,
1295 3537 1343 3573 ne·

247 3590 413 3644 cessitutibus
429 3599 515 3643 autem
531 3590 558 3644 in
575 3591 644 3646 bello
662 3589 749 3645 obviis
764 3592 916 3663 imperando
932 3591 1065 3646 subvenit.

314 3660 342 3711 6.
377 3659 513 3712 lnnumera
529 3669 616 3715 ιιιιιεαι
634 3677 691 3714 cum
705 3660 743 3714 sit
756 3660 918 3715 notariorum
934 3659 1086 3725 multitudo,
1104 3673 1264 3726 magnosque
1276 3655 1341 3709 lucri

247 3726 356 3798 parendi
374 3727 583 3799 opportunitates
596 3730 730 3802 ¹lanbcsnt,
748 3730 907 3784 literstiores
922 3747 1011 3782 eorum
1025 3737 1053 3780 et
1065 3727 1211 3781 ministerio
1225 3725 1341 3794 peresio

247 3796 395 3866 quindecim
418 3795 569 3866 ordinibus,
595 3811 661 3868 ques
682 3799 787 3853 scholas
809 3807 922 3863 vocarit,
945 3797 1117 3866 colliguntur,
1140 3815 1156 3849 e
1181 3795 1276 3865 quibus
1296 3793 1343 3863 qni

246 3882 319 3919 suum
333 3867 477 3920 tractandis
492 3867 569 3920 rebus
583 3885 656 3920 usum
689 3871 835 3938 robaverc,
851 3871 878 3921 in
896 3865 1075 3936 Augustalium
1093 3865 1227 3931 ordinem,
1243 3863 1266 3914 si
1282 3861 1343 3930 qut-

246 3936 304 3987 dem
322 3935 428 4002 volunt,
448 3952 533 4018 neusse
546 3941 634 3989 tamen
650 3937 702 3990 msi
718 3947 780 4006 post
796 3937 965 4004 boethnrnm,
982 3945 1012 3989 st
1029 3945 1140 4002 vocnnt,
1158 3932 1275 4004 recepti,
1294 3929 1342 3983 ml-

246 4001 328 4055 litiam
349 4003 532 4072 cornicularii,
553 4004 599 4075 qui
622 4014 709 4062 autem
723 4007 751 4060 in
767 4007 887 4062 codicillo
908 4013 1029 4071 manent,
1047 4005 1157 4057 eandem
1174 3999 1342 4072 primiscrinii

247 4089 354 4126 munere
375 4073 492 4156 implent.
528 4092 559 4127 sc
581 4073 614 4125 de
637 4073 679 4127 bis
701 4076 807 4145 quidem
827 4095 875 4129 suo
896 4075 953 4128 loco
976 4073 1125 4127 uccurstins
1146 4071 1342 4140 explicuimus.

247 4143 259 4203 (
267 4143 303 4202 7)
327 4141 441 4195 literatis
451 4159 522 4195 uero
538 4141 689 4196 ministeriis
711 4145 876 4217 praepositos
893 4152 1037 4212 sequuntur
1055 4159 1123 4210 quos
1139 4139 1285 4208 singulares
1300 4136 1342 4190 sli-

246 4217 323 4273 cunt,
347 4209 400 4264 viri
423 4212 548 4281 solertes,
572 4211 734 4280 publicorum
755 4214 920 4282 negotiorum
945 4210 1032 4279 gratia
1049 4210 1076 4262 in
1094 4208 1246 4280 prouincias
1263 4206 1343 4278 profi-

246 4275 389 4343 ciscentem
406 4279 452 4349 qni
469 4297 526 4334 curn
543 4281 651 4333 maxime
669 4284 819 4337 necessaris
836 4284 913 4335 etad
930 4281 1014 4351 ipsam
1030 4296 1153 4332 summam
1171 4275 1346 4347 reipublicae

247 4345 407 4416 pertinentia
420 4350 526 4417 negotia
540 4350 600 4403 iude
613 4351 645 4402 ab
662 4349 737 4405 initio
751 4361 897 4419 curassent,
915 4352 1101 4420 languescente
1113 4348 1163 4400 iam
1177 4346 1346 4425 praefectura

248 4414 390 4483 praetorii,
408 4418 649 4487 magistriuuorum,
666 4435 732 4488 quos
750 4430 862 4489 recusit,
880 4418 968 4474 inanis
983 4415 1125 4478 ostentatio
1139 4413 1254 4486 irrepsit.
1288 4428 1344 4465 san·
