3125 4959
576 411 918 495 COMMENTARIUS.
1240 436 1299 485 xor
1319 421 1332 525 ’1

209 624 342 713 quodam
351 623 446 685 animi
461 642 496 683 ao
507 622 687 683 voluntatis:
715 617 852 683 taedimn
864 629 982 692 autem,
1004 634 1064 697 quo
1079 616 1168 678 facile
1184 616 1301 679 intelli-

209 732 290 812 gitur
304 726 452 791 eiusmodi
462 726 597 785 laborem
614 744 676 786 non
692 744 811 801 carere,
839 721 959 783 levabat
975 730 1066 804 atque
1082 718 1158 781 adeo
1175 740 1301 782 amave-

208 835 261 893 bat
271 852 341 913 spes
357 830 449 914 (qnae
462 847 524 887 non
537 828 660 890 omniuo
674 848 725 889 me
738 824 863 906 fefellit)
878 844 928 884 me
941 833 1127 904 reperturam
1137 825 1171 882 in
1181 822 1231 884 his
1247 844 1302 885 cc-

208 932 324 995 dicibus
341 934 477 993 abstrusa
495 932 598 1013 aliqua
615 948 650 989 ac
667 930 812 1001 lucenon
823 927 959 1008 indigna.
1001 924 1057 987 sed
1069 926 1190 985 interim
1204 926 1301 1007 depo-

206 1034 308 1095 nenda
322 1044 386 1093 erat
398 1035 495 1093 omnis
512 1032 550 1093 de
564 1030 652 1113 Lydo
667 1034 820 1112 cogitatio.
862 1050 970 1113 quare,
992 1030 1136 1111 quoniam
1150 1031 1214 1109 ipse
1227 1051 1300 1091 mu-

206 1158 278 1197 nere
298 1136 386 1217 fungi
399 1156 468 1198 meo
481 1156 543 1197 nou
557 1146 710 1216 poteram,
741 1144 844 1195 auctor
858 1134 905 1194 fui
919 1144 952 1194 ut
971 1134 1048 1192 liber
1063 1129 1101 1190 de
1116 1134 1301 1211 Magistrati·
1406 1141 1408 1145 '

205 1237 264 1301 bus
278 1240 438 1319 seperatim
453 1236 610 1316 ederetur,
643 1256 773 1320 curaque
799 1234 988 1296 describendi
1013 1231 1210 1314 vertendique
1234 1235 1301 1299 eius

204 1339 377 1403 crederetur
398 1340 582 1402 adolescenti
601 1342 790 1402 ornatissimo
803 1340 962 1427 [lominica
975 1340 1051 1399 ltuss
1063 1336 1280 1398 Marcodurauo
1288 1344 1306 1413 ς’

206 1443 260 1523 qui
270 1444 375 1503 relicta
390 1445 566 1521 Germania,
596 1444 650 1505 ubi
665 1444 875 1504 felicissimum
889 1444 1046 1523 ingenium
1060 1439 1227 1521 philologia
1242 1459 1300 1499 ex-
1315 1444 1344 1502 i'·
1359 1441 1429 1483 1¹¹¹

205 1544 354 1621 caluerat,
373 1546 511 1605 Lutetiae
533 1545 647 1626 degens
666 1548 729 1607 iam
746 1542 821 1605 dum
837 1543 917 1605 mibi
936 1555 1000 1604 erat
1019 1544 1128 1604 officiis
1145 1563 1203 1602 usu
1225 1561 1302 1604 cou-

205 1644 364 1707 suetudine
391 1646 636 1710 iucundissimus.
687 1648 758 1721 ille,
794 1656 829 1705 ut
849 1657 895 1706 est
921 1644 1030 1706 ardens
1061 1655 1092 1705 et
1115 1656 1244 1705 eremus.
1259 1642 1301 1705 ad

206 1747 355 1811 ornandas
369 1747 519 1811 doctrinas
530 1761 663 1825 nostras,
691 1749 758 1809 sine
774 1762 860 1821 mora
875 1750 1032 1827 negotium
1049 1749 1195 1827 suscepit:
1224 1767 1301 1828 opus

206 1849 244 1911 ds
258 1852 483 1931 Magistratibus
498 1850 664 1932 descripsit,
687 1848 868 1927 emendavit,
887 1856 993 1926 vertit3
1013 1852 1126 1910 librum
1139 1849 1177 1909 de
1191 1853 1305 1911 Osten-

205 1955 246 2015 tis
259 1950 337 2019 mihi
348 1958 522 2016 reservavit.
565 1958 733 2016 continetur
745 1955 828 2013 enim
840 1955 868 2013 is
883 1954 961 2013 liber
975 1957 1009 2012 in
1025 1954 1173 2033 prioribus
1183 1954 1302 2032 paginis

206 2055 317 2117 codicis
334 2058 484 2116 casentini
500 2056 557 2135 (sic
573 2055 717 2132 appellati
733 2071 774 2110 ex
786 2072 975 2131 possessore,
1006 2057 1092 2113 cuius
1105 2058 1235 2115 maiores
1247 2075 1301 2114 co·

204 2160 315 2217 mitum
338 2175 378 2215 nr
397 2156 544 2235 flascone
566 2157 690 2239 namura
707 2173 804 2235 usqua
822 2173 841 2213 a
862 2152 980 2215 decimo
1000 2156 1120 2216 saeculo
1141 2156 1311 2228 amitibus,

204 2260 315 2320 nostris
338 2255 551 2337 celebrantur).
594 2256 633 2318 ds
653 2257 807 2319 'Omeolini
823 2257 918 2337 igitur
933 2255 1046 2319 codicis
1063 2260 1178 2338 origine
1202 2270 1300 2320 aetate

204 2360 380 2424 condicione
394 2379 475 2419 nunc
490 2356 600 2420 dicam.

288 2467 432 2524 Inventus
449 2471 494 2521 est
509 2462 586 2521 circe
600 2474 629 2521 tt.
644 2461 726 2529 1785
740 2472 864 2544 propter
876 2461 1005 2541 cpolim,
1026 2473 1161 2543 utsupra
1174 2462 1303 2526 demon·
1322 2464 1365 2529 32

204 2565 313 2643 stravi,
336 2564 528 2625 Gurucismae
545 2562 591 2643 (is
605 2564 795 2637 suburbanus
808 2576 856 2627 est
870 2563 910 2623 ad
922 2566 1034 2624 fretum
1047 2566 1162 2645 pagus)
1177 2568 1211 2624 in
1228 2570 1302 2627 villa

205 2668 394 2729 Constantini
406 2666 568 2743 stutzurts,
598 2668 716 2747 patricii
729 2670 803 2745 viri,
824 2668 879 2727 nbi
891 2667 983 2727 libros
997 2668 1122 2728 Villoiso
1135 2678 1302 2747 pertracte-

203 2770 257 2831 bat
269 2770 532 2853 aliquatmnultos,
559 2770 671 2849 partim
686 2791 773 2832 cusos
788 2773 897 2851 partim
911 2790 984 2846 mss,
1006 2790 1047 2830 ex
1063 2790 1174 2851 magua
1184 2774 1304 2833 recolui

204 2872 426 2936 Maurocordati
439 2867 622 2933 bibliotheca
636 2876 823 2955 superstites.
857 2884 921 2933 erat
935 2863 1018 2934 enim
1030 2876 1057 2935 is
1070 2877 1198 2935 loannes
1210 2877 1304 2936 tueo-

203 2978 272 3037 laus
287 2974 455 3037 Alexandri
468 2976 503 3034 F.
515 2970 769 3053 Maurocordatus,
791 2976 1025 3038 eScarlatorum
1039 2988 1145 3057 gente,
1166 2988 1232 3037 tum
1245 2996 1304 3037 ex-

205 3079 327 3139 cellenti
345 3080 467 3159 ingenio
479 3074 650 3159 praeditus,
680 3077 762 3161 quod
775 3082 894 3160 scriptis
908 3080 1113 3160 compluribus
1128 3078 1303 3157 declaravit,
1322 3091 1324 3097 ’

205 3191 273 3241 tum
294 3182 439 3241 librorum
462 3182 610 3241 rariorum
627 3193 659 3241 et
676 3194 814 3243 veterum
827 3181 992 3242 adrnodum
1005 3180 1167 3246 studiosus.
1208 3199 1303 3262 quare

206 3301 277 3342 cum
295 3283 372 3341 circa
385 3300 415 3343 a.
434 3284 518 3347 1722
533 3285 646 3345 sultani
661 3286 785 3344 nomine
800 3286 834 3343 iu
848 3274 992 3345 Valacbia
1008 3294 1155 3365 regnaret,
1178 3304 1196 3341 e
1206 3285 1302 3344 Grae-

205 3404 310 3446 corum
323 3387 522 3463 monasteriis,
544 3405 622 3468 quae
637 3387 670 3447 in
684 3388 768 3447 omni
782 3388 902 3448 Oriente
916 3388 1013 3447 multa
1027 3404 1115 3467 porro
1131 3398 1301 3467 supersunt,
1318 3405 1347 3461 p.
1361 3402 1420 3443 ux

205 3488 239 3547 in
255 3484 417 3547 Thessalia
430 3492 606 3565 praesertim
619 3500 650 3551 et
661 3491 696 3549 in
713 3500 816 3552 monte
829 3489 922 3566 Atho,
937 3490 1154 3550 vetustissimos
1167 3510 1302 3573 quosque

206 3590 298 3651 libros
311 3587 420 3671 cupide
433 3593 622 3671 conquisivit.
642 3592 677 3654 id
689 3605 754 3654 erat
769 3597 877 3655 eitum
893 3592 1034 3671 perfacile
1048 3590 1129 3651 factu
1144 3604 1301 3675 propterea

206 3689 290 3772 qnod
308 3702 339 3751 et
358 3690 440 3772 apud
458 3686 637 3773 purpuratos
658 3699 843 3777 permultum
864 3697 975 3775 gratia,
1005 3696 1038 3753 in
1051 3696 1182 3756 Graecos
1198 3707 1301 3755 autem

206 3795 297 3872 longe
319 3794 484 3877 plurimum
504 3800 638 3875 potentia
655 3798 785 3869 valebat.
845 3801 887 3857 ita
908 3798 992 3857 brevi
1015 3808 1151 3878 ternpore
1173 3818 1302 3878 magnae

205 3896 351 3958 librorum
366 3900 467 3977 copiae
482 3907 528 3957 est
542 3917 664 3977 compos
678 3902 783 3977 lactus,
806 3918 874 3958 cum
889 3899 1103 3981 inpressorum
1117 3911 1184 3960 tum
1201 3903 1303 3961 maxi-

205 4019 256 4059 me
272 4018 365 4059 manu
382 4011 590 4075 exaratorum
620 4020 748 4081 quorum
770 4004 880 4083 partim
902 4012 973 4062 tuuc
993 4002 1196 4063 intercedente
1214 4002 1303 4063 Chri·

208 4102 386 4162 stianissimi
401 4106 480 4181 segle
493 4105 593 4183 legato
607 4105 780 4165 Marchioue
796 4105 834 4164 de
847 4107 1035 4166 Villeueuive
1054 4105 1205 4186 descripti,
1226 4124 1302 4183 apo-

206 4203 382 4287 grspheque
397 4206 573 4265 inGalliam
590 4204 630 4264 ad
650 4204 863 4268 bibliothecam
879 4211 1006 4289 Regiam
1026 4212 1119 4269 missa
1133 4219 1220 4283 suut,
1248 4208 1301 4265 ubi

206 4304 307 4365 adhuc
318 4319 484 4369 serventur.
502 4308 651 4371 eiusmodi
665 4321 735 4370 suut
750 4309 837 4371 codd.
851 4312 903 4371 Gr.
917 4332 969 4374 uo.
982 4313 1077 4387 2619,
1094 4311 1189 4385 2641,
1205 4307 1299 4386 2642,

203 4408 302 4490 2668,
311 4408 407 4479 2649·
422 4413 502 4476 corti.
518 4414 664 4476 Me'nwc're
676 4412 838 4498 ltc'storique
851 4437 905 4476 sur
919 4416 953 4476 la
964 4412 1176 4495 Biboothtque
1186 4413 1229 4474 du
1239 4414 1301 4472 [ἰοί
