3125 4959
673 390 918 461 ommino,
967 355 969 360 ’
1298 412 1343 461 ιν
1384 381 1386 384 ’

140 576 142 580 ’
253 586 473 670 explenda...,
495 584 624 649 arduum
637 607 727 673 saepe
743 588 826 651 dictu
842 600 942 650 utrum
960 593 1036 653 ΚΑΙ
1045 589 1207 671 legendum
1222 595 1271 669 sit,
1292 610 1342 670 an,

251 706 335 791 quod
358 710 488 791 spatium
510 728 572 770 non
595 711 694 772 maius
716 722 856 793 occupat,
877 711 973 785 SEN,
994 707 1052 771 hoc
1074 721 1135 788 est,
1156 711 1186 797 eg
1207 711 1341 794 (persi-
1356 737 1384 793 p.
1401 704 1450 776 u¹

252 829 356 910 glum)
377 828 420 895 iu.
462 829 506 890 sic
521 830 643 890 centies.

334 949 535 1029 Quapropter,
556 948 701 1030 quoniam
719 948 752 1006 iu
769 956 961 1028 argumetum
983 944 1065 1028 quod
1075 956 1173 1007 totum
1186 948 1339 1010 coniectu·
1358 955 1381 1020 5

251 1066 314 1125 sale
335 1076 395 1144 ast,
416 1068 468 1126 alii
490 1068 579 1126 aliter
602 1077 693 1149 utque
717 1086 773 1147 ego
796 1067 905 1127 sentire
927 1078 1069 1144 possunt,
1090 1069 1265 1147 praesertim
1287 1068 1341 1127 ubi

250 1184 468 1265 propemodum
489 1184 646 1266 desperata
664 1198 747 1245 erant
766 1186 856 1260 folia,
876 1165 981 1242 eorum
996 1185 1091 1243 instar
1106 1186 1138 1243 iu
1152 1195 1235 1265 parte
1248 1203 1343 1263 supe·

250 1289 327 1363 riure
341 1307 519 1384 paginarum
535 1303 626 1366 huius
640 1303 778 1367 editionis
794 1305 914 1384 saepius
930 1300 1143 1361 excudendum
1153 1304 1268 1380 cursu,
1289 1322 1341 1362 se-

249 1432 334 1493 cutus
352 1426 526 1503 exemplum
541 1426 598 1485 viri
614 1424 725 1486 summi
739 1424 864 1483 Gustasi
879 1422 1034 1501 lingonis,
1054 1425 1185 1480 lotorum
1200 1422 1342 1480 nomina-

247 1540 375 1616 tissimi,
396 1544 428 1599 iu
452 1544 621 1623 fragmento
643 1544 769 1603 Domitii
788 1543 911 1620 Ulpiani
924 1545 985 1600 lur.
999 1542 1078 1600 civil.
1092 1541 1341 1599 auteiustinianeo

246 1664 270 1717 l·
285 1661 319 1735 1,
340 1661 488 1736 Remini,
514 1658 608 1736 1815,
631 1665 666 1737 8,
688 1681 720 1741 p-
734 1660 891 1735 5—101;
913 1662 1031 1719 omissis
1047 1657 1169 1740 (pidem
1187 1656 1341 1737 spiritibus

246 1797 283 1837 uc
298 1771 418 1856 τόνοις,
441 1779 494 1860 qui
505 1779 683 1861 plerumque
696 1783 728 1839 iu
744 1778 811 1841 cod.
826 1789 937 1838 temere
955 1787 1025 1837 sunt
1041 1777 1146 1857 positi,
1166 1774 1222 1836 sed
1236 1796 1340 1837 serva-

245 1898 286 1958 tis
304 1900 479 1960 lacunarum
497 1894 629 1957 hiatibus
648 1884 862 1979 literarumque
881 1895 1078 1956 evanidas-um
1096 1897 1232 1955 omnium
1241 1897 1342 1971 ,iuter-

246 2017 344 2077 vallis.
387 2020 446 2094 ita,
472 2019 566 2079 sicubi
581 2020 614 2077 in
628 2019 772 2077 electione
787 2016 946 2077 verborum
959 2024 1012 2075 sut
1025 2015 1243 2075 constructione
1257 2034 1342 2075 erra-

224 2178 226 2181 .
245 2137 356 2212 verim,
378 2134 461 2216 quod
474 2139 566 2198 nimis
582 2139 685 2197 crebro
699 2137 825 2197 arbitror
836 2133 980 2195 accidisse
1000 2132 1093 2215 (nam
1102 2134 1257 2212 negotium
1270 2152 1340 2193 ma-

245 2272 340 2333 gnum
362 2263 408 2313 est
427 2256 569 2333 supplere
589 2255 664 2314 folia
688 2255 854 2331 eiusmodi3
874 2275 932 2315 nec
950 2255 1113 2337 quicquam
1127 2253 1209 2313 venit
1221 2254 1342 2333 saepius
1410 2288 1415 2295 =

245 2392 303 2433 usu
317 2392 409 2454 quam
421 2375 593 2452 perlucente
604 2391 762 2455 perperam
776 2351 871 2451 apice,
892 2374 943 2432 vel
955 2374 1045 2431 unica
1060 2374 1147 2431 litera
1160 2374 1240 2430 male
1251 2374 1341 2449 lecta,
1455 2420 1457 2424 .

244 2491 276 2549 in
299 2489 475 2571 pudendum
499 2490 577 2552 trahi
602 2490 772 2569 errorem),
802 2491 1008 2573 unusquisque
1033 2491 1242 2570 supplementa
1260 2510 1340 2568 mea,

224 2631 226 2635 ¹
244 2609 357 2689 ubique
370 2610 433 2668 iere
446 2611 477 2669 iu
492 2623 580 2673 textu
595 2612 714 2673 uncinis
736 2608 747 2687 [
767 2610 778 2689 ]
797 2606 947 2686 indicata,
968 2607 1008 2669 ad
1028 2606 1173 2667 iudicium
1186 2612 1343 2691 proprimn

244 2730 352 2809 poterit
364 2747 514 2788 revocare.
557 2732 686 2788 alterum
700 2731 791 2788 etism
805 2730 957 2809 proposita
974 2725 1033 2787 hac
1049 2728 1149 2807 effigie
1164 2742 1343 2791 consecutus

244 2868 322 2926 snm,
341 2858 376 2907 ut
388 2866 509 2907 necesse
523 2867 584 2907 ncn
598 2858 676 2908 esset
688 2846 799 2907 menda
811 2867 852 2906 ex
862 2847 1009 2907 librarioli
1020 2831 1148 2905 ruditate
1158 2856 1240 2924 nata,
1261 2866 1339 2931 quae
1352 2870 1381 2923 p.
1398 2868 1417 2905 x

243 2971 402 3029 innumera
418 2976 488 3029 suut
504 2986 540 3025 eo
552 2967 586 3024 in
600 2965 717 3043 codice,
741 2964 781 3027 ad
797 2986 883 3028 oram
896 2963 1037 3027 editionis
1048 2967 1119 3026 inve
1133 2968 1212 3027 uotis
1227 2966 1341 3048 ubique

242 3106 436 3168 percensere3
458 3105 655 3167 possemque,
672 3082 798 3145 mendis
812 3086 887 3165 ipsis
909 3104 1000 3165 snpra
1018 3097 1087 3146 ante
1105 3088 1207 3147 oculos
1222 3087 1339 3165 positis,

243 3208 346 3268 subter
358 3208 390 3263 in
404 3205 679 3289 textuutrausoripto
696 3205 840 3265 lectiones
858 3224 910 3263 eas
930 3206 1018 3263 tacite
1038 3202 1207 3260 emendare.
1247 3204 1291 3260 ita
1303 3222 1347 3282 p..

242 3330 305 3392 288
321 3329 362 3389 23
380 3345 513 3407 ενεργιας
524 3323 613 3387 fol.6
628 3333 706 3379 recto
716 3323 771 3381 liu.
787 3324 839 3397 11,
859 3320 974 3403 leaucs
986 3322 1040 3379 lin.
1055 3323 1106 3385 12.
1122 3350 1161 3363 -·
1178 3321 1277 3399 past
1297 3323 1338 3385 16

242 3448 297 3507 fol.
310 3449 330 3511 7
342 3454 419 3504 recto
434 3443 489 3501 lin.
504 3443 525 3504 9
538 3464 665 3523 perseus
678 3450 710 3500 et
723 3446 959 3521 απευθηνουσ”·
974 3472 1019 3488 -
1031 3440 1178 3519 δαψιλων
1193 3457 1225 3517 p·
1235 3435 1299 3501 293
1316 3436 1335 3499 l

241 3565 297 3623 iol.
311 3567 333 3630 7
347 3582 428 3623 uerso
443 3561 499 3620 liu.
511 3558 549 3638 4,
570 3564 770 3625 συνελθουσιν
783 3557 859 3619 ibid.
871 3560 927 3619 lin.
938 3563 971 3626 7.
991 3568 1084 3642 utque
1098 3557 1246 3636 exemplis
1256 3574 1338 3615 nou-

241 3684 335 3743 uullis
347 3690 414 3741 utar
428 3699 469 3739 ex
479 3677 557 3740 libro
569 3679 615 3737 De
626 3681 781 3749 mensibus
792 3681 911 3761 petitis,
932 3679 1036 3759 conduc
1052 3687 1085 3757 p.
1100 3676 1163 3739 113
1185 3674 1223 3739 15
1243 3675 1297 3733 fot
1317 3678 1334 3738 1

239 3812 318 3860 recto
331 3802 387 3860 lin.
403 3801 451 3876 19,
472 3816 580 3877 κτησαι
593 3819 625 3879 p·
637 3803 699 3865 116
712 3800 733 3863 4
744 3800 800 3859 fol.
813 3804 834 3863 2
848 3808 925 3857 reolo
937 3798 993 3855 lin.
1008 3799 1066 3871 10,
1087 3815 1157 3873 mu
1170 3812 1226 3873 ΡΝ)
1236 3790 1336 3877 Αἴτνῃ

238 3919 316 3979 ibid.
329 3922 384 3981 lin.
399 3922 450 3985 12.
480 3915 567 3977 ¹hoec
588 3927 619 3977 et
634 3918 732 3977 multa
750 3914 900 3977 eiusmodi
912 3915 946 3974 in
959 3914 1060 3995 effigie
1072 3913 1260 3996 pagellarum
1272 3929 1336 3971 nou

238 4039 372 4100 iucanae
393 4043 481 4110 meae
503 4045 555 4097 aut
575 4036 682 4116 culpus
703 4057 880 4119 operarum,
899 4031 956 4095 sed
976 4034 1093 4096 librarii
1110 4032 1248 4095 inscitiae
1264 4040 1334 4091 surrt
1401 4073 1405 4080 -

238 4155 406 4218 tribuenda.

322 4278 417 4337 Venio
436 4298 517 4339 nuuc
537 4275 577 4339 ad
595 4274 729 4339 subsidia
749 4276 860 4359 quibus
882 4294 951 4338 sum
974 4273 1007 4338 iu
1023 4266 1230 4337 constituendo
1243 4277 1330 4329 textu
1350 4271 1371 4332 6
