3125 4959
422 429 484 498 DE
508 427 845 513 suauissimus
869 432 904 498 P.
926 429 968 499 R.
992 432 1071 498 LIB.
1094 431 1153 501 ΙΙΙ.
1213 467 1216 473 ·
1253 435 1327 506 209

232 598 336 691 abipso
351 599 458 680 νυκτδς
474 599 643 692 πράττωνὸ
658 601 797 692 ὕπαρχος
815 603 970 672 άνατολιῦν
984 602 1055 692 ι’ίχρι
1068 611 1123 690 τῆς
1133 603 1249 691 ἦμίρας
1260 616 1327 684 ταῖς

232 703 411 792 διαγναίσεια
424 710 631 795 νυκτηγρετιόν
642 707 847 792 ίιησχολεΐτο·
871 708 949 790 μεθ’
966 707 1005 793 ἢν
1017 709 1070 774 τδν
1083 708 1188 794 [άχρι]
1203 711 1251 774 lui
1268 737 1326 778 κατ

232 808 321 898 μάτην
335 813 547 892 νενομισμένον
556 810 663 898 καιρδν
673 818 728 896 τῆς
738 809 854 898 ἢμίρας
865 812 928 887 τοῖς
939 815 1095 897 δημοσίοις
1106 815 1157 876 καί
1170 810 1236 889 ταῖς
1247 810 1326 876 sino-

232 919 342 996 ,δολαίς
355 920 415 978 τῶν
426 922 644 1000 πραγματικῶν
659 916 881 980 διδασκαλικῶν
892 941 924 982 τε
937 919 987 979 καί
1002 921 1179 1002 μονομεριόν
1192 912 1329 980 ίδαπάνα

208 1027 226 1082 5
231 1013 352 1104 χρόνον,
372 1014 426 1080 τδν
439 1017 476 1081 δὲ
489 1017 565 1102 πρδς
578 1014 708 1104 ι’σπίραν
721 1027 791 1095 ταῖς
800 1025 861 1084 τῶν
872 1019 1037 1104 λεγομίνων
1048 1021 1176 1098 ζευκτῶν
1187 1017 1329 1082 ἀπαλλα-

232 1129 300 1204 γαῖς
317 1117 485 1200 ε’πιδιδοάς·
512 1119 555 1184 δι’
580 1111 624 1186 ὧν
643 1119 744 1204 πάσης
757 1123 923 1204 ἐπιθυμίας
938 1119 1010 1198 τοάς
1024 1147 1055 1187 τε
1072 1120 1261 1205 λειτουργοδς
1274 1127 1329 1204 τῆς

233 1224 318 1304 δίκης
338 1217 410 1298 τοάς
431 1246 466 1288 τε
489 1219 692 1308 τυγχάνοντας
704 1230 766 1289 τῶν
779 1226 936 1310 πρακτίων
950 1227 1000 1288 καί
1014 1224 1086 1301 τοδς
1099 1223 1329 1305 άπαλλαττομί·

233 1349 305 1400 νους
322 1330 383 1389 τῶν
404 1326 498 1390 δικῶν
512 1322 656 1413 ίνεφδρει.
706 1329 758 1391 καί
773 1337 967 1414 παραχωρεῖν
980 1327 1037 1410 μίν
1051 1333 1098 1414 argi
1109 1328 1293 1414 δικαστηρίῳ
1309 1321 1330 1408 ἢ

230 1432 393 1509 χαλᾶσθαι
413 1438 478 1505 τοῖς
497 1426 600 1508 πόνοις
621 1428 721 1506 stuttg
740 1455 850 1495 ...νων
871 1414 1031 1513 ῧπίμενεκ·
1053 1426 1118 1494 isle*
1129 1429 1267 1515 ὕπαρχος
1278 1427 1332 1492 τδν

193 1538 228 1620 10
236 1528 308 1616 ὅρον
323 1536 377 1611 τῆς
392 1527 491 1614 άρχῆς
504 1530 578 1612 δ’γνω
592 1537 713 1616 σοφῶς,
735 1529 931 1610 ἐπιστάμενος
943 1531 990 1594 δ’τι
1003 1535 1054 1596 καὶ
1066 1533 1235 1615 ίλευθίρων
1245 1529 1332 1614 άρχει

234 1634 284 1696 καί
300 1628 336 1696 οὗ
352 1632 373 1693 δ
379 1675 425 1695 ...
440 1629 554 1708 παντός
560 1679 570 1711 ,
596 1633 646 1696 καί
663 1638 701 1718 τῇ
712 1629 794 1710 τάξει
811 1641 943 1714 συνεχεῖς
957 1632 1059 1697 ίδίδου
1075 1630 1187 1714 ἀνοχάς
1199 1638 1260 1696 τῶν
1273 1657 1333 1695 κα-

232 1731 359 1818 μάτων,
386 1730 426 1797 τά
446 1739 499 1798 νῦν
519 1735 572 1797 καὶ
593 1733 672 1821 αὐτῇ
692 1741 729 1821 τῇ
753 1736 940 1824 προσηγορίᾳ
960 1733 996 1800 τδ
1019 1733 1124 1799 λοιπὸν
1145 1730 1333 1817 άγνοοάμενα

233 1836 373 1922 παρίχων
391 1831 582 1920 μονδμισσα·
601 1835 681 1900 osias)
704 1838 737 1899 δὲ
757 1834 814 1918 τὴν
831 1833 980 1919 καθάπαξ
996 1834 1174 1903 ἀνάπαυλαν
1191 1838 1224 1901 ἐκ
1236 1835 1333 1919 μίσης

233 1947 289 2022 τῆς
307 1935 424 2022 ημίρας
442 1937 601 2020 διδομίνην
622 1941 661 2022 τῇ
683 1932 765 2014 τάξει
786 1932 806 2018 ⁷‘1
825 1933 992 2019 παλαιότης
1009 1936 1149 2015 ἐκάλεσε,
1173 1945 1234 2004 τῶν
1247 1964 1333 2021 τηνι-

195 2055 228 2109 15
237 2047 334 2106 ταῦτα
358 2035 551 2104 δίοικοάντων
567 2037 608 2103 τά
624 2034 790 2124 πράγματα
816 2040 928 2124 (σοφοί
944 2040 976 2104 δέ
991 2030 1069 2122 ἦσαν
1084 2043 1134 2103 καὶ
1149 2041 1332 2104 παιδέυθίν-

234 2143 305 2227 τες)
324 2142 530 2225 ἐπισταμένων
542 2137 636 2206 νδκτα
650 2143 706 2223 μίν
720 2151 788 2218 ταῖς
801 2138 1006 2207 άνανιαιίσεσιν
1018 2137 1134 2227 ἦμίραν
1148 2142 1182 2206 δὲ
1195 2152 1258 2218 τοῖς
1273 2139 1332 2205 πό-

235 2272 298 2324 νοις
310 2242 369 2311 but
386 2251 439 2328 τῆς
453 2242 574 2332 φάσεως
586 2249 876 2331 παρακεχωρῆσθαι,
901 2248 952 2309 καί
967 2241 1089 2308 ἀνόσιον
1102 2245 1246 2326 οιόμίνων
1261 2243 1333 2322 τοίνς

237 2351 269 2414 ίν
294 2346 452 2436 πράγμασι
477 2353 749 2434 νυκτηγρετοῦντας
763 2350 814 2412 καί
830 2353 886 2432 τῆς
898 2346 1078 2431 μετάῆλιον
1090 2349 1236 2430 ζημιῶσαι
1249 2353 1331 2432 βρα-

234 2453 320 2535 χείας
334 2443 389 2516 οδν
401 2450 481 2528 τινδς
493 2457 554 2516 τῶν
566 2446 665 2516 πόνων
676 2448 830 2528 ε’νδδσεως.
880 2449 936 2516 οὐκ
951 2447 1103 2536 ἀρκούσης
1117 2452 1153 2515 δί’
1165 2457 1219 2531 τῆς
1232 2451 1278 2513 ini
1295 2451 1331 2513 τίι

196 2574 232 2630 2⁰
236 2565 339 2642 χεῖρον
363 2559 576 2640 παραλλαγῆς,
601 2557 652 2618 καὶ
677 2551 771 2636 αὐτῆς
785 2559 840 2636 τῆς
854 2554 887 2618 ίκ
903 2559 959 2619 τοῦ
974 2550 1130 2637 σχήματος
1143 2558 1331 2637 παραψυχῆς

237 2684 270 2727 τε
290 2659 340 2722 καὶ
358 2663 449 2739 τιμῆς
465 2657 668 2744 ἀφῃρέθησαν
683 2656 712 2721 oi
726 2659 942 2745 πριμισκρίνιοι
949 2705 961 2736 ,
979 2653 1108 2748 κινδιίνφ
1123 2657 1218 2741 τῆσδε
1228 2680 1331 2742 παρα-

236 2762 369 2846 μυθίας,
395 2755 438 2835 ὡς
452 2757 546 2846 ίφην,
574 2757 838 2846 ἀποστερούμενοι.

246 2998 248 3003 .
305 2947 496 3015 Βδπουιίλοις
511 2951 545 3006 (λ.
626 2945 691 3008 ab
705 2951 746 3022 τῷ
763 2952 798 3004 λε’.
880 2945 1026 3004 usuam
1037 2950 1074 3005 F.
1154 2949 1187 3004 10
1202 2941 1276 3015 άρ..
1295 2948 1330 3002 C.

307 3025 344 3076 ci.
358 3024 376 3075 3
391 3024 436 3104 ζί9.
455 3023 488 3074 F.
504 3091 517 3112 Ἰ
569 3018 659 3089 σοφὸς
673 3020 705 3073 C.
786 3020 816 3103 λλ
836 3012 905 3109 biit?
980 3016 1150 3086 συνέχοιτο.
1226 3017 1330 3084 13lcgo

306 3082 1331 3228 libitibusiiississlliiis*infimius„orfiti

241 3330 276 3384 ab
293 3326 447 3395 intempesta
463 3335 541 3380 nocte
557 3326 625 3380 enirn
642 3325 763 3380 laborans
779 3327 929 3395 praefectus
948 3324 1095 3397 praetorio,
1116 3323 1149 3377 ad
1163 3323 1229 3376 lucis
1246 3329 1331 3377 οτίιιοε

241 3414 325 3466 usque
341 3395 531 3464 cognitionibus
547 3394 686 3449 lucubrans
701 3395 827 3458 uacabut3
844 3395 940 3447 deinde
957 3410 1039 3464 usque
1056 3395 1089 3446 ud
1107 3403 1204 3464 partem
1220 3391 1274 3442 diei
1291 3391 1333 3444 la-

243 3466 303 3520 bori
321 3465 485 3519 constitutam
502 3465 614 3533 publicis
631 3466 712 3519 rebus
722 3473 749 3517 et
761 3463 929 3534 pragmaticis
940 3463 1157 3536 didascalicisque
1168 3468 1195 3512 et
1205 3460 1330 3512 iuniorem-

242 3535 333 3588 bribus
351 3542 451 3604 tempus
464 3534 645 3604 impendebat,
662 3532 840 3605 vespertinum
856 3543 941 3586 autern
956 3533 1094 3597 ζευκτοῖς,
1110 3539 1140 3582 nt
1153 3537 1265 3593 vocant,
1282 3531 1331 3582 ab·

243 3602 377 3659 solvendis
400 3603 530 3668 tribusus3
561 3604 656 3672 quibus
679 3620 777 3658 sumina
799 3602 935 3657 alacritate
958 3610 985 3655 et
1005 3599 1121 3653 iustitiae
1145 3597 1278 3650 ministros
1304 3604 1333 3652 et

243 3672 346 3741 agenda
361 3673 502 3726 sortientes
519 3681 545 3724 st
565 3691 658 3727 causas
676 3672 842 3727 absolventes
857 3672 989 3741 implebat.
1024 3686 1055 3722 ac
1072 3668 1167 3722 cedere
1181 3667 1286 3736 quidem
1303 3667 1333 3721 iu

243 3741 342 3795 iudicio
358 3749 404 3792 aut
419 3741 507 3811 frangi
519 3741 653 3796 laboribus
669 3759 743 3795 nemo
762 3740 864 3794 illorum
883 3738 1041 3793 sustinebetr
1065 3745 1093 3791 at
1108 3739 1259 3806 praelectus
1275 3753 1331 3788 nro·

245 3812 306 3864 dum
328 3809 431 3879 imperii
451 3811 583 3880 sapienter
606 3819 730 3877 noverat,
756 3809 852 3862 sciens·
867 3817 895 3860 et
917 3807 1008 3861 liberis
1030 3825 1060 3860 se
1084 3806 1230 3860 hominibus
1249 3820 1334 3874 neque

243 3897 322 3933 servo
347 3877 454 3932 cuilibet
475 3881 620 3949 imperare,
645 3899 676 3934 ac
718 3888 827 3962 erpetua
849 3876 936 3930 officio
953 3876 1072 3940 laborum
1088 3874 1333 3950 intervallatdabau

243 3949 401 4001 manumissa
413 3964 481 4002 nunc
498 3949 541 4002 vel
556 3950 615 4018 ipsa
630 3899 805 4019 appallauons
820 3945 912 4014 ignota
924 3946 1072 4003 corradens
1089 3946 1148 4012 (sic
1163 3954 1248 3997 autern
1266 3959 1331 4011 quo·

242 4015 367 4070 tidianam
384 4016 516 4087 requiem,
533 4035 599 4087 quae
617 4034 633 4069 a
649 4018 734 4072 raedis
748 4016 793 4071 die
809 4015 897 4070 officio
909 4016 1035 4083 dabatur,
1054 4014 1155 4084 antiqui
1170 4014 1333 4077 rocabenna

243 4084 888 4223 niunuim‘umiiuuttuui‘utini
902 4080 1335 4216 &admutilabit

245 4223 321 4276 nasas
343 4226 502 4294 reputabant
522 4224 570 4294 iis,
594 4223 639 4296 qui
661 4233 738 4278 nocte
759 4223 873 4294 negotiis
890 4235 1028 4289 uacarent,
1053 4239 1162 4293 parram
1180 4221 1257 4274 etiam
1274 4226 1336 4288 post

246 4290 309 4344 solis
327 4309 448 4346 occasum
463 4293 580 4348 laborum
596 4292 775 4348 remissionem
791 4292 904 4364 eripere.
939 4302 967 4346 at
983 4293 1051 4349 euim
1067 4309 1124 4345 curu
1141 4309 1193 4345 non
1210 4288 1274 4342 satis
1290 4304 1333 4340 es·

246 4367 288 4416 set
303 4359 331 4412 iu
347 4361 424 4429 peius
441 4369 485 4416 'res
498 4363 612 4432 abiisse,
637 4362 647 4416 i
666 4379 720 4417 saur
737 4379 842 4432 quoque
858 4363 892 4416 ab
911 4361 1002 4416 babitu
1022 4361 1142 4415 solatium
1160 4361 1335 4426 honoremque

245 4428 413 4503 primiscrinii
431 4432 542 4487 ambare
559 4468 637 4492 .....
648 4381 704 4490 lnce
719 4431 830 4504 sonato,
848 4439 877 4489 ut
889 4430 1015 4503 diuinum,
1033 4429 1149 4506 spoliati.

287 4510 398 4568 roano
419 4509 519 4581 Ιιγδιιε.
1090 4501 1130 4568 14
