3125 4959
578 457 637 567 DE
660 456 871 527 MENSIBUS
896 457 955 528 lv.
1159 456 1163 461 ’
1267 458 1318 529 75

212 654 283 718 γορε
308 630 361 697 διά
383 626 485 715 πάσης
504 634 560 715 τῆς
580 628 689 710 νυκτὸς
708 629 751 711 ὥς
765 630 805 699 ἀν
819 657 866 710 τις
885 633 935 698 καὶ
954 629 1119 715 ἀεικίνητος
1132 632 1190 717 τὴν
1207 629 1318 721 φάσιν·

212 733 248 799 ad
264 735 326 822 γὰρ
339 741 460 800 ’παῦλαν
480 734 549 817 ὶγον
562 730 706 817 κινήσεως
720 743 841 803 παῦλαν
859 735 920 819 istst
942 738 1031 819 ζωῆς,
1057 735 1135 801 κατά
1150 733 1317 802 Πλάτωνα.

317 833 377 906 40.
429 838 488 926 πρὸ
511 837 741 927 δεκατεσσάρων
762 843 922 905 καλανδῶν
938 838 1112 927 Ἀπριλίωτ
1128 836 1218 927 ἑορτὴ
1232 840 1318 927 παρὰ

208 935 369 1024 Ῥωμαίοις
386 942 558 1027 τιμωμένη,
590 940 647 1025 οάχ
674 939 716 1021 ὡς
734 940 888 1027 Ῥωμαίκὴ
909 941 980 1008 ἀλλ’
1009 939 1052 1021 ὡς
1075 944 1219 1027 μεγίστην
1237 941 1316 1031 παρ’

187 1047 395 1129 5Αίγυπτίοις
414 1045 526 1130 ἔχουσα
542 1046 638 1129 ’τιμὴν
658 1046 701 1111 δι’
728 1049 827 1113 αἰτίαν
851 1045 1003 1131 τοιαύτην.
1055 1052 1111 1111 τοῦ
1128 1049 1240 1112 Νείλου
1262 1046 1318 1129 τὴν

210 1145 331 1230 ἐτήσιον
349 1151 483 1215 ἐπίδοσιν
503 1154 564 1215 τῶν
583 1145 706 1215 δδιίτων
730 1150 917 1239 ἀρνουμένου
942 1149 1033 1228 ποτέ,
1063 1150 1115 1214 καί
1137 1147 1234 1236 ταύτῃ
1257 1156 1319 1215 τῶν

209 1254 389 1336 Αἰγυπτίων
413 1252 643 1337 ἀπολλυμένων,
669 1256 788 1338 δαίμων
810 1281 857 1331 τις
877 1252 999 1338 ἀγαθὸς
1015 1256 1057 1329 είς
1070 1251 1239 1341 ἄνθρωπον
1255 1278 1320 1340 φα-

209 1355 287 1433 νείς,
307 1356 378 1420 ὅλον
399 1356 435 1423 τδ
455 1363 545 1439 σῶμα
565 1359 799 1442 πεπηλωμένος,
825 1353 933 1440 ἐξεβόα
957 1366 1022 1433 τοῖς
1041 1358 1224 1441 Αίγυτττίοις
1244 1355 1319 1420 ἀνα·

208 1455 323 1541 βλάσαι
343 1459 396 1525 τὸν
417 1465 528 1526 Νεῖλον
548 1462 600 1525 καί
626 1461 719 1539 αάτδς
743 1462 882 1545 ἓμπεσεῖν
895 1469 959 1537 τοῖς
977 1459 1086 1536 ὕδασι·
1106 1467 1168 1525 τῶν
1191 1460 1225 1525 δὲ
1246 1459 1319 1524 ἀπι-
1335 1478 1364 1535 p·
1381 1463 1416 1519 85

170 1559 397 1644 1οστησιίντων,
417 1562 495 1652 ἴργητ
517 1563 551 1627 δέ
564 1562 700 1646 τάληθὲς
718 1561 877 1653 εὑρόντων,
897 1560 987 1651 ἑορτὴ
1003 1561 1082 1651 παρ’
1099 1561 1203 1640 αάτοῖς
1218 1587 1251 1628 τε
1267 1564 1320 1628 καί

207 1665 294 1752 παρὰ
308 1665 524 1750 τοῖςἛλλησιν
537 1662 669 1753 ὡρίσθη,
696 1670 839 1753 λεγομένη
858 1664 1047 1751 Πηλοάσιος.
1309 1664 1313 1669 ’

310 1767 424 1853 μικρὰς
438 1767 574 1852 Ἀθήνας
594 1766 722 1836 έκιίλουν
741 1772 798 1856 τὴν
820 1772 1046 1859 Φιλαδέλφειαν
1066 1767 1121 1835 διά
1134 1767 1192 1847 τάς
1208 1764 1318 1858 ἓορτιλς

208 1869 261 1933 καί
274 1867 313 1933 τὰ
330 1868 397 1958 ίερδι
411 1877 472 1937 τῶν
491 1869 633 1936 είδαίλων.

312 1968 373 2041 41.
424 1982 463 2060 τῇ
484 1974 545 2062 πρὸ
568 1976 715 2057 δεκαμιίίς
735 1976 896 2038 καλανδῶν
912 1972 1073 2059 Ἀπριλίων
1088 1973 1215 2061 δένδρον
1228 1973 1316 2050 πίτυς

167 2089 201 2144 15
209 2074 295 2161 παρὰ
310 2082 371 2139 τῶν
390 2075 606 2166 δενδροφάρων
626 2078 750 2165 έιγέρετο
769 2076 802 2141 έν
822 2082 866 2164 τῷ
886 2078 1034 2163 παλατίῳ.
1084 2077 1142 2160 τὴν
1158 2078 1193 2141 δὲ
1206 2073 1316 2163 ἑορτὴν

208 2173 368 2252 Κλαύδιος
388 2174 405 2241 δ
425 2180 571 2259 βασιλεὺς
595 2178 816 2261 κατεστήσατο,
843 2179 920 2267 ἀνὴρ
940 2178 1021 2245 οὕτω
1042 2180 1159 2257 δίτιαιος
1177 2180 1245 2266 περὶ
1258 2179 1315 2256 τάς

207 2278 321 2364 κρίσεις
339 2276 381 2356 ιίις
399 2280 517 2367 μητίρα
540 2281 594 2344 τὸν
614 2278 724 2361 ἑαυτῆς
738 2284 836 2343 παῖδα
851 2280 1037 2366 ἀρνουμένην
1050 2289 1190 2349 κελεῦσαι
1205 2278 1315 2349 ὡσανεί

207 2383 294 2465 ξίνην
306 2388 485 2467 γαμηθῆναι
500 2382 594 2470 αὐτῷ,
615 2385 672 2467 τὴν
684 2382 718 2447 δι’
731 2379 948 2447 ἀποπτύουσαν
961 2380 1035 2447 είναι
1047 2387 1175 2471 μητέρα.

311 2485 372 2556 42.
424 2494 463 2575 τῇ
482 2488 542 2574 πρὸ
565 2489 640 2552 δέκα
656 2489 817 2551 καλανδῶν
825 2484 986 2571 Ἀπριλίων
1001 2487 1167 2571 καθαρμὸς
1185 2484 1314 2571 σάλπιγ-

164 2597 261 2674 ὶδγος
283 2591 335 2654 καί
354 2590 471 2673 κίνησις
492 2597 553 2655 τῶν
574 2590 676 2656 ὅπλων
698 2591 750 2654 καί
768 2591 855 2671 τιμαί
872 2588 993 2676 Ἀρεος
1005 2589 1057 2683 καί
1071 2590 1212 2675 Νερίνης,
1237 2594 1317 2667 θεᾶς

207 2691 288 2757 οὕτω
303 2698 342 2779 τῇ
355 2696 496 2776 Σαβίνων
509 2692 632 2780 γλώσσῃ
647 2693 968 2781 προσαγορευομένης,
993 2690 1032 2775 ἣν
1051 2690 1154 2775 ἠξίουν
1172 2689 1316 2775 εἶναιτὴν

202 2793 352 2880 Ἀθηνᾶν
366 2795 385 2880 η’
399 2798 450 2861 καί
462 2797 676 2887 Ἀφροδίτην·
699 2797 800 2885 νερίνη
815 2796 875 2885 γάρ
888 2792 909 2881 ἦ
924 2795 1034 2883 ἀνδρία
1049 2796 1128 2876 έστί,
1154 2799 1204 2861 καί
1220 2797 1316 2885 νέρω-

276 2952 443 3023 1ἀιιίνητος
459 2957 493 3013 l’.
602 2952 730 3015 9ατίτδν
747 2956 839 3028 vulgo.
951 2958 986 3012 18
1003 2953 1222 3012 ἀπσπίατουσαν
1237 2958 1315 3013 libris

275 3044 337 3082 eurr
358 3028 466 3082 Hasius.

206 3161 302 3231 vigilat
315 3182 364 3233 per
379 3171 462 3221 totum
477 3169 589 3233 noctem,
607 3166 676 3220 sicut
693 3166 752 3236 ipsa
768 3183 875 3235 semper
888 3169 1011 3219 movetur
1027 3169 1136 3218 natura:
1154 3165 1226 3234 quod
1244 3164 1314 3221 euim

205 3232 346 3287 terminum
360 3235 441 3289 habet
454 3244 549 3300 motus,
563 3236 633 3289 idem
646 3236 784 3289 terminum
801 3236 883 3292 habet
900 3235 981 3301 vitae,
1001 3243 1031 3287 ut
1046 3233 1123 3287 Plato
1136 3237 1225 3289 docet.

276 3302 320 3355 40.
356 3303 388 3355 A.
408 3306 434 3359 d.
455 3305 487 3359 14
505 3305 629 3359 kalendas
643 3306 747 3375 Apriles
765 3306 849 3358 leriae
865 3312 936 3370 sunt,
955 3320 1024 3372 quae
1042 3305 1111 3377 apud
1122 3304 1255 3357 Romanos
1267 3322 1313 3358 ce-

205 3370 351 3438 lebrantur,
368 3390 420 3425 non
437 3382 559 3444 tunquam
576 3376 719 3442 Romanae,
737 3376 786 3428 sed
801 3376 870 3443 quod
887 3373 998 3425 maximo
1016 3372 1116 3425 honore
1132 3374 1202 3441 apud
1219 3373 1310 3441 Aegy-

204 3441 276 3512 ptias
290 3440 452 3510 alliciuntur,
468 3446 534 3498 hanc
551 3446 609 3497 iere
625 3446 659 3497 ob
678 3461 792 3497 causam.
828 3444 905 3497 Nilus
923 3460 980 3494 cunr
996 3457 1109 3493 anrruum
1123 3440 1310 3497 incrementum

206 3526 333 3580 aquarum
349 3522 485 3564 recusaret
500 3513 639 3582 aliquando
655 3514 770 3582 ideoque
786 3512 914 3582 Aegyptii
929 3510 1087 3576 interirent,
1103 3512 1188 3563 bonus
1204 3511 1310 3579 quidam

205 3582 327 3646 daemon,
344 3579 434 3648 specie
448 3580 558 3635 humasse
571 3592 713 3651 assumpta,
728 3590 786 3635 toto
800 3598 911 3651 corpore
924 3580 979 3633 luto
995 3581 1124 3632 obductus
1157 3580 1310 3634 raedicebat

205 3648 348 3719 Aegyptiis
362 3649 509 3702 exundasse
522 3650 609 3704 Nilum
623 3669 706 3721 seque
719 3651 806 3721 ipsum
818 3652 944 3705 incidisse
956 3650 1084 3717 inaquss.
1120 3597 1158 3699 illi
1171 3666 1236 3702 vero
1250 3668 1308 3703 curn

206 3719 285 3771 iidem
297 3736 349 3772 non
364 3717 533 3784 habuissent,
556 3738 587 3773 re
606 3730 693 3775 autem
712 3737 805 3774 verum
826 3740 886 3774 esse
906 3718 1109 3788 comperissent,
1131 3718 1215 3770 leriae
1238 3720 1309 3788 apud

205 3787 280 3859 ipsos
295 3789 448 3840 e'tGraecos
462 3786 599 3842 institutae
612 3797 684 3858 sunt,
692 3808 760 3859 quae
769 3787 1053 3844 dicebanturPelusius
1065 3787 1142 3851 (lert.
1151 3786 1283 3840 Pelusium
1301 3824 1309 3842 .

206 3924 233 3979 ‘d
251 3925 259 3977 l
274 3856 376 3911 Parvas
393 3855 510 3911 Athenas
530 3862 661 3915 vocabant
681 3860 890 3930 Philadelphiam
913 3865 1025 3929 propter
1048 3855 1131 3911 ferias
1160 3865 1189 3909 et
1212 3791 1311 3926 templa

204 3944 215 3978 1
235 3943 344 3979 eorum.

271 3994 319 4049 Al.
353 3998 387 4050 A.
405 3996 432 4052 d.
450 3995 481 4047 11
500 3992 625 4048 kalendas
639 3995 742 4066 Apriles
778 3997 837 4049 inus
853 3997 962 4049 arbore
977 3992 1170 4063 dendrophoris
1189 3993 1217 4045 in
1230 3990 1309 4044 Pala-

204 4064 270 4119 tium
287 4066 434 4119 serebatur.
470 4065 517 4117 has
534 4071 620 4117 autem
636 4066 717 4120 ferias
735 4016 862 4120 claudius
879 4066 1023 4134 imperator
1039 4062 1164 4127 instituit,
1179 4063 1222 4114 vir
1237 4070 1312 4116 tanta

204 4133 308 4186 iustitia
325 4134 353 4186 in
368 4134 491 4201 iudiciis,
516 4141 546 4185 ut
562 4142 670 4187 matrem
691 4136 773 4190 filium
795 4152 870 4189 suum
887 4143 1052 4186 recusantem
1066 4133 1172 4185 iuberet
1188 4138 1312 4197 tanquam

206 4201 317 4255 alienam
333 4204 358 4257 ei
372 4206 482 4273 nubere,
495 4202 540 4255 illa
552 4209 640 4258 autem
652 4221 780 4275 respuens
795 4205 846 4259 hoc
859 4212 932 4258 esset
944 4212 1029 4256 mater
1043 4203 1079 4270 (a.
1094 4218 1155 4254 sese
1168 4200 1310 4254 corrfitere-

205 4278 250 4323 tur
264 4276 397 4341 matrem).
471 4324 478 4339 ,
1036 4324 1040 4331 ,
1061 4285 1064 4289 ’

274 4340 319 4394 42.
353 4342 387 4394 A.
406 4342 433 4395 d.
452 4342 485 4395 10
505 4340 631 4395 kalendas
645 4340 751 4410 Apriles
770 4342 948 4396 tubilustrium
971 4347 1000 4394 et
1021 4356 1150 4393 armonun
1165 4343 1266 4404 motus,
1283 4343 1313 4390 et

205 4407 321 4462 honores
337 4410 432 4464 Martis
448 4429 480 4463 aa
493 4410 613 4465 Nerinae
627 4411 710 4482 deae,
733 4429 802 4480 quae
819 4412 977 4465 Sabinorum
993 4409 1084 4479 lingue
1100 4409 1139 4460 ita
1155 4406 1311 4477 appellatur,

206 4494 284 4548 quam
297 4477 424 4534 volebant
436 4498 495 4535 esse
505 4481 653 4537 Minervam
666 4480 710 4535 vel
723 4480 803 4535 etiam
815 4482 960 4535 Venerem:
979 4479 1071 4534 nerine
1085 4479 1155 4531 enim
1168 4476 1246 4531 furtis
1260 4484 1311 4547 eet,
