3125 4959
274 398 344 471 104
664 402 834 471 Iolnnls
859 402 961 470 LYDl

270 580 348 639 σθαι
369 572 408 637 τά
430 578 584 637 τελευταῖα
601 581 821 660 παραινοῦντος
824 621 835 654 ,
857 572 1024 658 ’laeswe
1036 574 1093 658 μέν
1108 574 1202 652 αύτὸς
1216 572 1357 663 ψηφιού-

269 702 358 759 μενος
370 673 539 757 βασιλεύειν
553 675 699 742 ἐτελεύτα.
1328 684 1332 693 ’

372 778 432 848 76.
483 780 511 843 οἳ
538 779 598 844 ἀπὸ
628 777 760 865 μεγάλης
787 780 883 867 ἀρχῆς
910 780 1027 867 ῥέοντες
1050 777 1219 863 ἀνεμοιείς
1240 776 1358 845 δώδεκα

269 884 347 967 μέρη
369 889 424 946 τοῦ
446 879 596 967 ὁρίζοντος
616 886 814 968 διαιροῦνται.
865 886 916 947 καλ
933 883 962 947 oi
978 884 1034 966 μέν
1050 882 1106 947 ἀπ’
1125 883 1226 947 αὐτῶν
1235 882 1359 969 ’ἀρκτων

269 988 320 1050 καλ
344 987 399 1051 τού
423 987 492 1049 κατ’
518 987 613 1062 αύτάς
636 985 731 1050 πόλου
755 985 870 1073 ῥέοντες
891 988 1055 1072 ἀπαρκτίαι
1076 991 1258 1063 καλοῦνται,
1285 987 1313 1049 οἳ
1328 986 1382 1050 (lli

269 1088 328 1152 ἀπὸ
352 1086 465 1164 ιλύσειος
486 1092 659 1175 ίσημιρινῆς
680 1092 820 1176 ζέφυροι,
846 1089 875 1154 oi
899 1091 934 1155 δέ
955 1089 1090 1155 ἀπὸτοῦ
1114 1088 1252 1176 ἀφανοῦς
1268 1086 1360 1166 νότοι,

269 1192 298 1255 oi
322 1192 355 1255 ύέ
376 1192 436 1256 ἀπὸ
461 1192 609 1275 ἀνατολῆς
625 1196 799 1276 ιὀημερινῆς
815 1194 994 1275 ἀπηλιῶται.
1045 1198 1105 1257 τῶν
1124 1193 1158 1256 δι’
1173 1191 1287 1275 μεταξύ
1300 1199 1362 1257 τῶν

270 1293 431 1379 εἰρημένων
442 1291 458 1356 ό
471 1296 526 1375 μέν
537 1296 686 1380 προσεχὴς
698 1300 741 1381 τῷ
757 1297 909 1385 ἀπαρκτίρ
923 1298 1057 1373 καικίας,
1083 1293 1118 1359 ὃν
1129 1293 1201 1359 ένιοι
1215 1296 1266 1359 καὶ
1278 1300 1362 1381 θροι-

270 1400 358 1461 οκίαν
380 1398 533 1479 λέγουσιν,
559 1394 575 1459 ὁ
598 1399 631 1462 δέ
652 1402 697 1483 τῷ
720 1396 838 1485 ζεφύρῳ
859 1400 1023 1483 ἀργέστης,
1045 1395 1080 1463 όν
1096 1397 1125 1463 ολ
1141 1399 1197 1480 μέν
1212 1397 1362 1480 ὀλυμπίαν

271 1499 299 1571 ολ
322 1500 356 1563 δέ
377 1496 490 1583 ίάτιυγα
516 1504 658 1563 καλοῦσι·
684 1506 745 1563 τεόν
766 1501 799 1563 sle*
818 1501 931 1581 μεταξύ
954 1498 1084 1587 ζεφύρου
1101 1504 1153 1565 καλ
1167 1505 1255 1566 νότου
1272 1498 1289 1565 ὃ
1306 1502 1361 1582 μέν
1370 1507 1402 1562 lll

270 1601 421 1683 προσεχὴς
441 1608 483 1687 τῷ
507 1599 625 1688 ζεφύρῳ
649 1603 723 1682 λίψ,
749 1598 765 1665 ὃ
784 1602 819 1666 sle*
836 1610 879 1689 τῳ
896 1600 974 1688 νότῳ
990 1601 1162 1685 ληλόνοτος·
1187 1610 1248 1668 τῶν
1262 1605 1295 1667 δέ
1307 1628 1362 1684 με·

269 1704 345 1779 vati
360 1701 450 1767 νότου
467 1726 499 1768 τε
516 1706 566 1767 καὶ
584 1703 674 1791 ιύρου
691 1700 707 1765 ό
725 1704 780 1785 μέν
796 1708 922 1787 πλησίον
943 1703 1109 1791 φερόμενος
1123 1712 1169 1792 spi
1181 1705 1258 1792 νότῳ
1277 1703 1363 1788 λιβό-

270 1830 356 1881 νοτος
370 1810 519 1882 καλεῖται,
546 1802 562 1869 ό
581 1806 614 1869 δέ
629 1814 673 1892 τῳ
689 1803 844 1893 ἀπηλαότη
861 1799 965 1892 εύρος·
991 1806 1103 1891 ὁμοίιος
1116 1810 1150 1873 δέ
1163 1810 1213 1871 καλ
1228 1806 1363 1892 ἀπηλιώ-

269 1932 323 1971 τοο
348 1909 460 1987 μεταξύ
484 1909 534 1970 καλ
556 1907 721 1993 ἀπαρκτίου
738 1906 823 1988 όμέν
840 1911 991 1994 προσεχὴς
1003 1916 1046 1996 τῷ
1059 1906 1216 1994 ἀπηλιώτῃ
1231 1916 1365 1984 καλεῖται

270 2011 405 2087 καικίας,
420 2005 445 2073 ’ό
473 2009 506 2073 cle*
520 2016 564 2095 τῷ
579 2009 730 2097 ἀπαρκτίᾳ
744 2010 866 2096 βορέας.
917 2017 979 2075 τῶν
994 2012 1027 2075 δέ
1041 2010 1101 2074 ἀπὸ
1116 2009 1252 2095 μεγάλης
1268 2012 1365 2098 ἀρχῆς
1373 2023 1405 2080 15

270 2110 286 2176 ὅ
303 2112 358 2193 μέν
376 2111 431 2175 ἀπ’
447 2111 548 2195 ἀλίγης
563 2117 663 2199 φορᾶς
679 2111 790 2197 νέφους
803 2114 957 2199 ἐκνεφίας,
984 2110 1049 2177 sicle*
1065 2112 1125 2177 ἀπὸ
1142 2110 1366 2179 adhaereretis

158 2235 186 2287 p·
206 2219 252 2271 1'21
273 2218 323 2277 καὶ
345 2216 395 2277 tuh
422 2212 588 2301 φαράγγων
610 2216 752 2291 κολπίας,
783 2210 800 2277 ὃ
820 2216 854 2279 δέ
874 2215 933 2279 ἀπὸ
951 2222 1006 2298 γῆς
1021 2218 1071 2279 καλ
1086 2222 1261 2302 συστροφῆς
1276 2217 1365 2304 ἀέρος

270 2320 407 2402 γνοφίας.
459 2306 551 2401 αύραι
574 2318 634 2404 γὰρ
658 2320 708 2404 καὶ
737 2316 827 2381 αύταλ
850 2318 901 2381 καλ
925 2316 1025 2403 ῥύσεις
1046 2318 1143 2405 ἀέριον
1167 2318 1365 2403 τυγχάνουσιν

272 2403 378 2495 hiens,
403 2422 453 2498 καὶ
480 2420 535 2483 οὐκ
558 2418 675 2504 ἀλόγοις
696 2418 801 2501 ἀνεμοι
825 2425 988 2485 καλοῦνται
995 2468 1006 2500 ,
1032 2420 1082 2485 ὅτε
1099 2420 1120 2504 ἢ
1139 2420 1199 2485 ἀπὸ
1215 2420 1365 2505 λιμνιῦνῆ

271 2528 417 2603 ποταμῶν
439 2524 600 2608 φέρονται·
627 2522 724 2603 ὅμοιοι
740 2524 773 2586 cle*
790 2519 905 2588 τούτων
919 2526 975 2590 eloi
988 2527 1038 2589 sal
1053 2524 1082 2587 oi
1097 2523 1251 2608 ἀπόγειοι.·
1291 2524 1405 2590 tillem

273 2622 404 2709 εύλόγιυς
417 2624 504 2709 ἀέρος
517 2624 701 2707 ἠρεμοῦντος
715 2624 749 2689 τό
767 2622 947 2709 κατάστημα
962 2632 1096 2694 καλεῖται
1110 2629 1244 2710 νηνεμία.

342 2736 356 2787 1
375 2731 504 2803 ἰοβιανὸν
517 2734 555 2786 P:
573 2735 699 2789 intectum
713 2724 910 2804 relinquendum
922 2732 1092 2805 Ἰουβιοινόνς
1111 2744 1184 2789 certe
1198 2736 1365 2804 Nicephorns

339 2805 490 2872 patriarcha
505 2802 723 2873 Chronographia
741 2806 774 2856 sd
793 2804 889 2858 calcem
905 2805 1022 2873 syncelli
1041 2823 1069 2876 p.
1082 2806 1170 2859 4023
1188 2805 1285 2873 nliiqno
1299 2805 1364 2857 scri-

340 2882 430 2941 ptores
449 2873 588 2939 Byzantini
604 2877 695 2925 eodem
711 2876 787 2925 nodo
801 2874 931 2927 scribunt.
961 2874 1033 2927 Hes.
1156 2874 1188 2927 -4
1209 2874 1258 2927 κοιλ
1276 2892 1318 2927 orn
1333 2874 1365 2926 Ρ.

343 2943 376 2994 18
393 2938 491 3007 φύσεις
508 2940 584 3009 libri,
602 2940 734 3010 φυοηοεις
748 2944 907 2996 lloetherus.

272 3052 324 3097 tem
341 3061 398 3095 cunr
420 3060 478 3096 euin
497 3042 524 3093 in
541 3051 629 3095 costra
650 3052 857 3113 transportasset
873 3052 901 3098 et
917 3046 1069 3099 hortaretur
1084 3049 1116 3097 ut
1131 3062 1254 3114 suprema
1276 3045 1366 3115 ‹lispo-

273 3121 363 3177 neret,
381 3112 439 3181 ipse
457 3111 565 3163 loriano
583 3112 702 3165 instituto
719 3130 782 3181 rege
796 3123 912 3167 mortuns
926 3124 978 3166 est.

341 3180 385 3235 76.
421 3181 475 3243 Qui
497 3198 513 3232 a
535 3198 627 3249 magno
652 3180 728 3234 initio
753 3183 855 3251 spirant
875 3182 949 3234 venti
967 3180 1006 3247 (ἱ.
1024 3180 1140 3234 eventi
1157 3182 1321 3250 cardinales)
1339 3182 1366 3235 in

272 3248 408 3304 duodecim
430 3248 574 3301 horizontis
592 3257 681 3319 partes
704 3251 875 3317 dividuntur,
899 3259 929 3302 et
944 3250 989 3319 qui
1005 3251 1038 3302 ab
1054 3249 1120 3319 ipsis
1142 3251 1367 3321 septentrionibus

272 3327 302 3373 et
316 3316 377 3388 polo
394 3317 592 3387 septentrionali
610 3319 726 3388 spirent,
744 3320 878 3387 aparctias
896 3326 1038 3383 vocantur3
1057 3319 1104 3389 qui
1119 3320 1151 3371 ah
1170 3323 1308 3374 occidente
1322 3338 1367 3374 ae-

273 3385 441 3457 quinoctiali,
462 3384 588 3455 zephyri3
611 3387 655 3455 qui
675 3406 691 3440 a
708 3388 833 3454 meridie,
848 3388 917 3453 noti;
940 3388 986 3457 qui
1000 3395 1087 3440 auten
1104 3389 1137 3440 ab
1156 3390 1258 3441 oriente
1276 3389 1368 3471 aequi-

274 3456 397 3521 noctiali,
415 3455 545 3525 apeliotee
555 3457 604 3522 (s.
618 3455 786 3523 surbsolantp
805 3474 892 3509 eorum
909 3466 996 3509 autern
1011 3457 1056 3525 qni
1069 3457 1140 3509 inter
1155 3476 1202 3510 eos
1219 3475 1286 3519 nuos
1300 3457 1367 3509 dni-

275 3542 331 3577 mns
348 3532 442 3577 ventos
460 3524 577 3593 spirant,
593 3524 617 3576 is
634 3525 680 3594 qui
698 3526 830 3594 proximus
850 3534 892 3578 est
908 3525 1049 3594 Aparctiae
1062 3526 1189 3594 caecias,
1210 3522 1285 3595 qinein
1302 3545 1367 3579 non-

277 3592 340 3645 nulli
354 3597 381 3644 e't
393 3593 540 3645 'Phras'eian
555 3593 653 3661 dicunt,
670 3594 716 3662 qni
730 3602 815 3647 autern
828 3595 963 3663 Zephyro,
979 3594 1114 3663 Argestes,
1127 3612 1205 3664 quern
1218 3596 1263 3647 elii
1277 3595 1367 3663 Olym-

293 3662 337 3713 inn
361 3659 405 3711 alii
431 3670 517 3712 autern
539 3663 639 3729 iapyga
663 3672 774 3727 vocant3
800 3682 889 3716 eorusn
912 3672 998 3715 antem
1020 3665 1065 3732 qni
1085 3664 1157 3715 inter
1173 3664 1324 3732 Zephyrum
1341 3673 1369 3717 et

274 3681 389 3796 horno,
408 3729 430 3780 is
452 3729 498 3797 qni
517 3730 656 3796 proximus
668 3740 709 3783 est
724 3732 850 3801 Zephyro
864 3732 944 3800 Lips,
960 3731 1006 3801 qni
1019 3743 1106 3785 autern
1120 3733 1193 3785 Noto
1207 3734 1368 3796 Libonotns3

276 3816 366 3855 nortun
381 3806 466 3850 erstem
483 3798 528 3866 qui
548 3798 618 3850 inter
630 3800 727 3852 Notum
743 3811 771 3854 et
784 3802 899 3866 Eurum,
917 3802 940 3851 is
954 3801 999 3870 qni
1013 3820 1096 3871 prope
1109 3796 1207 3855 Μοῖσαι
1222 3804 1307 3855 fertur
1320 3802 1367 3853 Li-

277 3871 388 3919 honotns
406 3875 530 3933 vocatur,
556 3862 602 3935 'qni
618 3876 704 3921 atrtern
724 3886 808 3950 prope
825 3869 963 3939 Apelleten
981 3871 1085 3933 Eurns3
1104 3869 1225 3924 similiter
1242 3880 1329 3923 antem
1342 3878 1369 3923 et

276 3937 414 4005 hpelioten
429 3934 497 3985 inter
511 3944 539 3988 ct
551 3937 708 4003 hparctian,
727 3956 749 3988 rs
763 3939 809 4005 qni
823 3939 954 4007 proximus
969 3950 1011 3992 est
1023 3939 1159 4008 llpeliotae
1174 3948 1285 3992 vocntnr
1300 3941 1368 3992 Coe-

275 4006 347 4071 cios,
364 4004 409 4073 qui
423 4012 508 4055 autern
525 4004 666 4073 llparctiae
682 4007 792 4059 Boreas.
827 4025 915 4060 eorum
931 4017 1017 4060 autern
1035 4009 1080 4077 qni
1095 4027 1111 4061 a
1128 4028 1222 4077 magno
1237 4008 1328 4077 initio,
1346 4010 1367 4060 is

275 4073 321 4142 qui
336 4092 352 4125 ο
370 4090 452 4141 parva
468 4073 582 4125 rnotione
600 4074 676 4127 nubis
698 4073 790 4128 existit
806 4077 963 4145 eenephiss,
988 4078 1034 4145 qni
1058 4089 1144 4130 autern
1171 4097 1188 4129 a
1209 4077 1316 4129 sinubus
1342 4085 1369 4130 et

276 4158 325 4211 per
341 4140 470 4194 convalles
494 4141 608 4211 colpies,
633 4142 679 4212 qui
697 4152 782 4196 autern
800 4163 815 4197 ο
831 4154 949 4212 terrast
968 4146 1122 4199 collectione
1139 4146 1209 4198 airis
1230 4147 1367 4214 gnophias.

224 4209 228 4223 ”
277 4227 356 4263 auree
381 4210 449 4261 enirn
472 4220 499 4262 et
521 4211 574 4278 ipsi
596 4220 622 4264 et
643 4213 722 4264 flatus
746 4214 834 4266 airum
855 4224 931 4278 sunt,
953 4232 1002 4266 nec
1021 4218 1121 4284 absque
1145 4207 1247 4267 ratione
1273 4215 1370 4281 ἄνεμοι

278 4278 389 4347 (venti)
408 4286 550 4340 vocantur,
577 4296 632 4333 curn
655 4280 697 4333 vel
720 4298 736 4333 a
759 4282 864 4335 lacuhns
883 4284 926 4335 vel
943 4284 1093 4337 fluminibus
1113 4284 1245 4337 feruntur:
1272 4285 1368 4337 similes

276 4356 363 4401 sertem
384 4348 474 4400 horum
491 4358 552 4400 sunt
572 4359 600 4401 et
616 4358 774 4418 terrestres,
802 4354 869 4404 unde
888 4371 939 4403 non
962 4361 1061 4404 temere
1083 4353 1106 4404 is
1124 4360 1224 4421 status,
1247 4372 1305 4407 curn
1325 4356 1370 4408 sir

277 4415 381 4485 quietus
398 4425 454 4483 est,
478 4424 587 4489 vocatur
604 4419 719 4485 νηνεμία
737 4418 756 4472 ἰ.
772 4438 797 4473 e.
815 4421 945 4473 serenitas
962 4421 1043 4474 airis.
