3125 4959
615 406 960 477 COMMENTARIUS.
1270 428 1339 479 xm

246 620 336 692 taque
355 618 440 689 parte
458 618 527 691 post
548 608 603 668 tol.
622 605 663 673 44
690 608 764 668 folia
783 618 904 668 exsecta
923 606 984 669 duo
996 616 1076 668 sunt.
1118 608 1221 669 omnia
1237 619 1340 671 autem

244 714 306 776 102
325 713 398 769 lolia
416 713 472 770 illa
489 708 611 769 madore
630 728 666 768 ac
684 720 831 771 vettmtate
844 710 933 771 valde
950 721 1021 771 srrnt
1035 710 1214 791 depravata,
1241 732 1340 794 usqne

243 834 280 871 eo
295 816 405 873 utiam
418 814 543 873 Villoiso
556 811 705 892 scripserit
724 812 908 893 (Pmlegom.
926 812 966 871 ad
980 810 1068 871 Iliad.
1082 833 1113 891 p.
1127 812 1183 894 46)
1200 814 1338 874 codicem

241 933 326 973 mero
338 934 449 994 raagrra
461 934 502 973 ex
518 924 602 994 parte
614 916 656 972 ita
670 924 841 993 corruptum
855 934 932 990 esse,
951 924 986 973 nt
997 916 1152 973 literanna
1164 914 1270 977 ductas
1282 919 1338 977 vix

241 1020 366 1095 agnosci
378 1028 509 1099 queant,
530 1019 622 1097 inque
639 1017 716 1075 cella
730 1018 848 1075 vinaria
858 1019 959 1096 potius
977 1036 1048 1075 enm
1064 1036 1155 1097 qnam
1174 1013 1207 1075 ia
1224 1020 1337 1078 biblio-

241 1117 331 1179 theca
346 1130 528 1179 asservatum
543 1116 650 1177 videri.
692 1138 867 1200 quanquam
882 1122 984 1198 ipsum
996 1138 1103 1199 corpus
1120 1117 1231 1179 codicis
1246 1122 1337 1199 paulo

241 1223 342 1280 utinm
354 1220 494 1280 affectum
509 1232 565 1281 est.
607 1221 702 1279 multo
716 1223 814 1300 inagis
828 1240 899 1281 vero
912 1222 1051 1290 abiuncta
1066 1222 1150 1296 folia,
1171 1221 1269 1279 lacera
1283 1223 1337 1279 illa

241 1323 367 1405 quidem
389 1334 419 1383 et
435 1325 550 1383 cariosa
571 1333 601 1381 et
621 1324 729 1401 partim
749 1326 870 1403 penitus
886 1320 1060 1403 desperata,
1088 1334 1123 1382 nt
1142 1324 1175 1381 in
1199 1320 1337 1401 legendis

241 1426 303 1485 illis
315 1446 376 1484 non
389 1430 486 1485 minor
499 1424 600 1483 hercle
614 1426 698 1484 labor
712 1446 776 1485 esse
791 1425 928 1485 videatur
943 1445 1035 1507 quam
1049 1427 1083 1484 in
1096 1422 1270 1484 evolvendis
1286 1427 1337 1483 in-

241 1528 499 1610 terpretandisque
521 1528 793 1587 Herculanensibus
817 1529 1038 1603 voluminibuS,
1070 1546 1199 1608 quorum
1221 1528 1338 1607 aliquot

241 1632 368 1711 Neapoli
385 1632 514 1690 Parisios
534 1632 677 1689 translata
700 1630 852 1690 interdum
870 1632 992 1709 inspexi
1006 1639 1036 1688 et
1050 1630 1186 1688 tractavi.
1226 1646 1339 1708 qaam-

241 1734 362 1807 obrem,
383 1733 480 1792 sicubi
497 1752 578 1791 error
590 1731 697 1792 editori
712 1735 845 1793 obiectus
862 1744 908 1792 est
922 1736 1033 1791 iatam
1047 1734 1138 1810 longo
1153 1732 1270 1805 labore,
1292 1739 1339 1789 est

240 1836 288 1911 ei,
317 1854 379 1894 nou
393 1833 461 1895 dico
476 1838 564 1894 venia
576 1833 675 1893 danda
697 1834 774 1915 (nec
793 1838 875 1894 enlm
889 1834 954 1893 lieri
968 1844 1066 1913 potest
1084 1843 1119 1891 ut
1139 1833 1172 1889 in
1186 1832 1334 1891 eitmmodi
1345 1856 1374 1913 p.
1386 1856 1486 1897 sxxrrt

240 1940 434 2020 quantmavis
456 1947 622 2016 expurgato
646 1958 736 2018 opere
760 1959 822 1997 non
843 1935 946 2019 aliqua
966 1936 1096 2013 supersit
1117 1934 1256 2019 macula)
1271 1934 1336 2014 sed,

240 2040 324 2121 qnod
339 2062 403 2099 rem
418 2039 627 2117 difficillimam
641 2042 772 2121 suscepit
785 2036 927 2121 qnodque
938 2038 983 2097 sic
997 2037 1131 2117 perfecit,
1148 2038 1215 2097 lans
1224 2057 1336 2120 perpe-

240 2150 293 2200 tua
306 2141 475 2201 tribuenda.
959 2161 961 2164 ·

216 2224 223 2241 ⁸
324 2242 405 2315 Quid
424 2240 507 2322 quod
527 2243 592 2320 ipse
610 2238 725 2315 editor,
755 2240 833 2299 sicut
852 2248 970 2299 textum
991 2239 1141 2319 corrigens
1157 2260 1220 2301 noa
1238 2243 1335 2302 semel
1352 2246 1399 2315 86

240 2360 362 2401 mecum
374 2342 554 2402 amicissirne
566 2342 812 2417 communicavit,
840 2342 883 2400 ita
902 2341 1048 2421 impresso
1069 2362 1150 2404 nunc
1169 2363 1278 2423 opere,
1299 2355 1335 2405 ut

240 2441 280 2500 de
296 2445 451 2502 nonnullis
465 2446 609 2521 suspectis
626 2442 702 2501 mihi
714 2444 787 2501 locis
802 2459 880 2525 quae
893 2443 1066 2504 viderentur
1081 2442 1268 2520 dissererem,
1282 2464 1334 2504 me

240 2548 367 2623 rogarit.
409 2548 493 2603 caius
507 2546 655 2603 amicitiae
668 2548 829 2624 gessissem
842 2565 915 2605 sane
927 2564 1061 2618 morem,
1083 2545 1335 2627 ‚suspicionesque

239 2646 291 2706 iric
312 2666 397 2706 meas
417 2649 531 2727 aliquot
554 2646 779 2708 adiunxissem:
810 2644 866 2706 sed
881 2665 918 2704 ea
932 2643 984 2705 lric
1000 2647 1140 2727 persequi
1158 2657 1219 2705 non
1232 2650 1334 2708 minus

240 2767 292 2805 ma
307 2750 402 2805 vetnit
414 2746 503 2807 liuius
515 2750 771 2806 cotnraentationis
784 2748 953 2807 institutum
963 2768 1055 2829 quant
1068 2748 1192 2827 religio,
1213 2768 1253 2807 ne
1264 2750 1334 2809 libri

180 2896 184 2901 .
241 2847 281 2909 de
295 2850 517 2927 magistratibus
538 2848 630 2907 editio
649 2868 704 2927 per
722 2869 772 2907 me
791 2850 911 2928 lougius
934 2848 1080 2911 trahatur.
1121 2870 1215 2933 quare
1237 2871 1335 2933 qnae-

241 2972 360 3033 cunqne
370 2961 528 3032 supersunt
542 2949 698 3025 eiusmodi,
720 2968 858 3032 quaeque
872 2963 1047 3013 annotaram
1060 2951 1099 3012 de
1110 2954 1231 3034 ingenio
1242 2952 1335 3035 Lydi,

241 3052 282 3113 de
294 3054 436 3129 fontibus,
451 3052 489 3111 de
499 3056 668 3132 graecitate,
682 3052 720 3111 de
733 3052 900 3111 eruditione
909 3055 1027 3131 Latina,
1043 3073 1080 3114 ea
1091 3059 1170 3116 notis
1180 3058 1212 3114 in
1223 3058 1333 3115 libmm

241 3154 282 3215 tle
296 3158 427 3216 Osteatis
447 3146 634 3216 reservanda
645 3156 733 3215 duco.
775 3157 868 3214 statui
884 3157 968 3215 enim
981 3130 1021 3217 ait
1035 3160 1123 3217 istius
1137 3159 1208 3217 libri
1223 3156 1335 3217 editio-

240 3262 460 3319 nemanimnm
475 3262 619 3335 conterre,
640 3254 885 3339 quandoquidem
894 3261 1077 3321 Graecorum
1090 3280 1131 3319 ex
1146 3261 1234 3320 ltalia
1247 3260 1334 3319 uobis

239 3362 399 3421 allatorum
421 3360 576 3435 codicum,
619 3361 727 3441 quibus
749 3362 900 3439 impertiri
920 3363 1035 3441 integra
1057 3360 1166 3420 lrornm
1186 3379 1334 3423 annornm

240 3463 349 3538 studia,
364 3483 460 3543 paene
474 3462 615 3521 adfinem
631 3461 751 3521 adducti
768 3464 896 3541 catalogi
909 3474 987 3538 siant,
1005 3482 1133 3543 sumque
1147 3465 1281 3538 solutior,
1297 3483 1335 3523 ea

240 3566 619 3644 operaproliigata,faotus.
640 3564 1336 3646 acceditutquasingnlariliberalitatevirillu-

240 3668 309 3727 stris
324 3664 362 3723 de
376 3664 517 3725 Gltoisenl
536 3688 611 3747 opus
631 3666 668 3726 de
681 3668 904 3747 Magistratibns
922 3685 978 3724 sao
998 3665 1152 3745 impendio
1170 3688 1188 3725 e
1202 3668 1333 3727 tenebris

240 3771 273 3828 in
285 3759 385 3828 limem
398 3773 542 3846 evocarit,
564 3768 670 3829 eadem
680 3772 792 3829 librum
804 3768 843 3826 de
855 3769 985 3827 ostentis
996 3770 1077 3845 velit,
1099 3788 1195 3850 aeque
1207 3771 1334 3845 vatinia,
1346 3784 1375 3840 p.
1384 3783 1495 3825 saxam

241 3869 321 3930 nude
333 3872 428 3930 Iulius
444 3873 634 3953 Obsequens,
664 3876 776 3953 quique
788 3880 941 3949 praeterea
954 3889 1018 3929 rem
1032 3873 1207 3951 auguralem
1221 3882 1335 3931 tracta-

240 3984 346 4033 verunt
364 3975 413 4033 vel
433 3976 485 4054 qui
503 3975 681 4053 attIgeruat,
708 3974 822 4052 passim
836 3973 1032 4032 illustrantur.
1075 3992 1148 4032 cura
1160 3983 1263 4032 antem
1276 3972 1335 4031 ad·

240 4072 391 4135 hibebitur
406 4086 439 4135 ut
455 4074 530 4135 haec
548 4076 649 4149 editio,
672 4085 819 4155 quantum
831 4076 1004 4153 poterimus,
1025 4077 1241 4155 locupletetur,
1263 4095 1334 4135 cnm

241 4180 520 4253 commemoratione
537 4190 691 4237 auctorum
709 4196 784 4257 quos
803 4176 905 4257 Lydus
923 4178 1098 4237 consecutus
1113 4189 1173 4253 est,
1196 4188 1261 4235 tum
1278 4175 1336 4235 ad-

242 4274 353 4338 ditIone
373 4283 608 4360 fragmentorum
626 4277 814 4360 quorumdam
826 4278 1008 4339 ineditorum
1021 4278 1157 4339 eiusdem
1173 4281 1267 4337 ferme
1284 4298 1335 4337 ar-

240 4383 392 4460 gumenti,
420 4385 511 4453 Vettii
532 4384 664 4445 Valentis
686 4382 839 4472 inprimis,
867 4384 951 4445 cuius
970 4380 1154 4463 anthologia
1176 4379 1258 4461 apud
1280 4401 1335 4443 uos
